3042 4909
357 2691 458 2743 ses,
477 2691 565 2732 Iul.

590 416 704 466 =190
912 415 1131 467 PAULI
1169 415 1517 468 HISTORIA
1555 413 2226 466 LANGOBARDORUM.
2301 415 2445 466 LIB.
2481 415 2550 466 V.

593 579 951 646 Romualdo
1014 590 1448 666 pugnaturum
1466 591 1494 623 ⁸
1548 581 1981 666 victoremque
2035 581 2399 666 spopondit.
2498 579 2627 660 Qui
2677 603 2827 646 cum

594 675 858 750 accepto
902 666 1229 729 exercitub
1272 664 1354 729 ad
1397 664 1612 728 locum
1656 665 1759 728 cui
1803 664 2076 728 Forinus
2094 675 2134 706 ⁰·
2154 677 2174 710 ¹
2218 685 2454 728 nomen
2496 673 2594 729 est
2632 664 2822 731 adve-

593 750 791 813 nisset
830 747 1053 832 ibique
1095 756 1303 812 castra
1344 749 1683 834 posuisset,
1742 745 2079 812 Grimuald
2096 794 2114 828 ,
2173 749 2283 833 qui
2324 748 2455 810 iam
2496 748 2826 814 Beneven-

591 841 730 897 tum
787 830 1147 914 advenerat,
1198 830 1358 895 haec
1414 831 1697 908 audiens,
1755 840 1976 896 contra
2031 852 2177 894 eum
2227 830 2552 929 proficisci
2604 831 2832 897 voluit.

594 915 718 980 Cui
780 913 950 978 filius
1006 914 1360 979 Romuald:
1424 915 1592 979 ‘Non
1655 925 1750 979 est
1814 912 2011 999 opus',
2075 914 2312 999 inqu1t3
2380 914 2515 979 ‘sed
2577 921 2826 979 tantum

592 1006 842 1085 partem
883 997 1070 1062 nobis
1114 996 1194 1062 de
1237 998 1565 1063 exercitub
1594 1007 1806 1062 vestro
1848 997 2127 1062 tribuite.
2211 997 2356 1083 Ego
2384 998 2529 1061 Deo
2570 997 2825 1063 favente

592 1104 741 1147 cum
771 1103 846 1146 eo
888 1080 1222 1166 pugnab03
1266 1090 1331 1145 et
1358 1103 1506 1146 eum
1533 1082 1768 1163 vicere,
1811 1081 2016 1144 maior
2052 1081 2275 1166 utique
2302 1079 2538 1166 gloriad
2579 1091 2832 1146 vestrae

591 1167 912 1252 potentiae
965 1163 1396 1230 adscribetur’.
1492 1165 1894 1250 Factumque
1952 1172 2076 1246 est3
2142 1172 2207 1228 et
2254 1172 2560 1248 accepta⁰
2611 1163 2832 1250 aliqua
2885 1242 2894 1249 ι

589 1258 773 1335 parte
817 1248 897 1312 de
940 1249 1140 1333 patris
1183 1249 1488 1330 exercitu,
1530 1249 1893 1346 pariterque
1933 1269 2083 1311 cum
2112 1248 2244 1310 suis
2285 1246 2651 1311 hominibus
2682 1267 2827 1311 con-

589 1342 689 1397 tra
732 1330 1086 1396 Saburrum
1134 1331 1579 1417 proficiscitur.
1679 1330 1809 1411 Qu1
1849 1332 2224 1416 priusquam
2263 1328 2501 1395 bellum
2561 1351 2709 1394 cum
2751 1352 2834 1395 eo

589 1417 797 1496 iniret,
841 1438 882 1478 a
925 1425 1222 1501 quattuor
1263 1413 1554 1500 partibus
1597 1415 1785 1480 tubas
1825 1415 2119 1478 insonare
2171 1413 2499 1499 praecepit
2547 1434 2836 1499 moxque

593 1520 787 1583 super
841 1520 952 1562 eos
995 1498 1302 1562 audenter
1317 1499 1340 1542 f
1389 1498 1650 1583 inrupit.
1739 1497 2034 1584 Cumque
2075 1507 2424 1583 utraeque&
2464 1498 2634 1561 acies
2676 1496 2824 1561 forti

590 1580 937 1645 intentione
1041 1591 1380 1667 ugnarent,
1438 1591 1591 1644 tunc
1645 1603 1810 1644 unus
1864 1581 1944 1646 de
2004 1581 2177 1666 regis
2230 1580 2517 1644 exercitu
2568 1580 2831 1644 nomine

590 1663 992 1748 Amalongus
1052 1713 1072 1745 ,
1129 1666 1239 1750 qui
1296 1666 1546 1750 regium
1589 1666 1886 1728 contum*
1949 1664 2116 1728 ferre
2159 1673 2296 1728 erat
2337 1662 2577 1744 solitus,
2630 1685 2829 1748 quen-

592 1747 741 1812 dam
807 1746 1157 1812 Grreculum
1235 1746 1460 1813 eodem
1514 1745 1799 1811 contuloi
1872 1748 2161 1832 utrisque
2223 1747 2520 1811 manibus
2581 1745 2832 1810 fortiter

587 1831 970 1930 percutiens,
1016 1829 1097 1894 de
1141 1829 1294 1895 sella
1346 1851 1541 1916 super
1589 1832 1826 1916 quam¹¹
1869 1831 2195 1917 equitabat
2243 1828 2498 1894 sustulit
2553 1851 2830 1915 eumque

589 1936 658 1978 m
699 1915 880 1978 aera¹
932 1936 1124 1999 super
1177 1922 1371 2000 caput
1419 1935 1606 1977 suum
1622 1926 1665 1956 ¹¹¹
1708 1913 1962 1981 levavit.
2060 1912 2292 1993 Quod¹¹
2344 1934 2609 1977 cernens
2669 1912 2831 1978 Gre-

593 2018 814 2062 corum
872 1999 1190 2062 exercitus
1204 2046 1221 2079 ,
1273 2019 1429 2061 mox
1480 1998 1773 2061 inmenso
1824 2018 2064 2082 pavore
2153 1997 2475 2061 erterritus
2497 1997 2565 2059 in
2604 1994 2828 2080 fugam

592 2081 1000 2162 convertitur,
1044 2079 1395 2167 ultimaque
1485 2081 1722 2146 ernicie
1752 2102 1996 2163 caesUS,
2040 2081 2095 2143 si
2139 2082 2163 2144 i
2204 2079 2491 2166 fugiens⁰
2534 2090 2825 2160 mortem,

589 2162 944 2229 Romualdo
989 2174 1053 2229 et
1093 2164 1437 2250 Langobar
1485 2165 1538 2228 's
1579 2164 1913 2230 victoriam
1968 2163 2240 2250 peperit.
2325 2163 2426 2227 Ita
2483 2160 2824 2244 Saburrus,

591 2249 703 2334 qui
758 2269 827 2312 se
877 2248 1248 2333 imperatori
1305 2269 1419 2312 suo
1476 2248 1781 2313 victoriae
1842 2256 2175 2332 tropeumv
2247 2245 2327 2310 de
2384 2244 2829 2330 Langobardis

632 2331 964 2395 romiserat
1050 2340 1257 2396 atrare
1322 2330 1407 2395 ad
1436 2352 1585 2395 eum
1615 2352 1763 2395 cum
1792 2331 2012 2416 paucis
2053 2350 2363 2411 remeans,
2405 2328 2827 2412 ignominiam

634 2415 978 2500 eportavit3
1070 2380 1327 2478 omuald
1354 2437 1528 2497 vem,
1557 2423 1810 2500 patrata
1837 2414 1916 2478 de
1936 2414 2214 2477 inimicis
2242 2413 2514 2478 victoria
2528 2424 2576 2494 (Ι,
2618 2411 2825 2476 Bene-

588 2507 851 2563 ventum
878 2498 1277 2584 triumphans
1318 2520 1616 2563 reversus
1646 2506 1743 2563 est
1780 2498 2074 2583 patrique
2116 2497 2425 2581 gaudium
2469 2505 2533 2560 et
2574 2494 2830 2559 cunctis

588 2582 1017 2664 securitatem,
1061 2581 1310 2648 sublato
1351 2581 1631 2647 hostium
1671 2582 1919 2662 timore,
1964 2581 2285 2645 convexit.
2298 2581 2356 2611 **

759 2665 854 2728 11.
940 2663 1032 2729 At
1082 2686 1237 2729 vero
1303 2664 1619 2730 Constans
1682 2673 1990 2750 augustus
2054 2685 2202 2727 cum
2256 2661 2415 2727 nihil
2470 2683 2540 2725 se
2603 2669 2830 2725 contra

587 2745 1047 2831 Langobardos
1109 2748 1384 2831 gessisse
1448 2748 1910 2832 conspiceretr‚
1987 2768 2207 2811 omnes
2288 2745 2589 2810 saevitiae
2666 2766 2823 2808 suae

587 2830 795 2892 minas
825 2838 1045 2893 contra
1074 2851 1243 2913 suos,
1285 2830 1408 2895 hoc
1438 2839 1536 2894 est
1561 2830 1906 2913 Romanos,
1948 2830 2221 2894 retorsit.
2283 2829 2452 2893 Nam
2482 2849 2777 2914 egressus
2795 2839 2821 2873 ²

586 2912 726 2976 Nea
773 2911 923 2975 olim
942 2923 986 2993 ⁸,
1027 2913 1298 2976 Romam
1353 2913 1657 2998 perrexit.
1763 2913 1886 2978 Oui
1938 2921 2119 2978 sexto
2177 2912 2260 2977 ab
2325 2913 2485 2977 urbe
2547 2910 2824 2974 miliario

584 2995 669 3058 Vi
761 2996 945 3058 ianus
974 3016 1142 3080 papa
1172 3017 1320 3059 cum
1363 2994 1799 3060 sacerdotibus
1830 3006 1892 3061 et
1917 2996 2208 3060 Romano
2250 2992 2490 3082 populo
2523 2994 2821 3058 occurrit.

588 3075 749 3156 Qui*
790 3086 1099 3163 augustus
1142 3098 1290 3141 cum
1330 3078 1414 3143 ad
1456 3078 1629 3143 beati
1665 3080 1841 3143 Petri
1880 3077 2101 3143 limina
2141 3078 2552 3165 pervenisset,
2597 3075 2832 3162 optulit

649 3259 696 3331 ³)
728 3265 775 3316 L
817 3267 845 3313 1
889 3265 1049 3317 add..·
1090 3281 1248 3332 quam
1286 3266 1447 3333 vulgo
1486 3267 1722 3318 vandum
1758 3269 1901 3333 regis
1941 3268 2187 3320 dicimus.

622 3334 692 3404 **)
729 3337 778 3389 A
817 3338 850 3388 6
887 3338 1057 3389 multa
1089 3338 1275 3391 inserit
1313 3356 1379 3392 ex
1427 3339 1551 3391 Vita
1586 3337 1643 3392 S.
1680 3339 1933 3392 Barbati:
1996 3341 2349 3392 Beatissimus
2383 3354 2511 3391 vero
2549 3338 2818 3391 Barbatus

736 3438 799 3448 —
840 3413 1109 3479 migravit.

584 3580 629 3630 a)
662 3587 951 3632 pugnaturus
981 3584 1081 3626 As.
1202 3581 1251 3636 b)
1286 3586 1541 3627 exereitum
1569 3586 1608 3625 Ε·
1626 3587 1666 3626 1.
1759 3581 1802 3638 8)
1835 3584 2045 3624 Pon-anus
2074 3584 2099 3623 Ι
2117 3585 2157 3625 1.
2278 3579 2327 3634 d)
2360 3583 2540 3632 gloriae
2573 3581 2671 3623 Gl.
2691 3584 2734 3624 2.
2753 3579 2824 3623 ’3.

584 3638 630 3691 8)
662 3645 899 3691 acceptam
941 3643 1146 3692 aliquam
1189 3646 1370 3693 partem
1415 3643 1457 3685 G
1485 3645 1530 3685 4.
1681 3640 1717 3694 f)
1748 3643 1993 3683 audienter
2036 3641 2078 3682 G
2110 3643 2149 3683 1.
2181 3642 2222 3684 2.
2371 3639 2419 3692 ε)
2451 3645 2648 3690 utraque
2677 3640 2720 3680 A
2752 3637 2821 3683 ·8.

583 3698 627 3736 D
660 3699 713 3747 83
743 3702 940 3746 utreque
969 3701 1007 3740 Ρ
1041 3703 1088 3750 1;
1117 3702 1230 3741 deest
1261 3701 1317 3744 G.
1352 3725 1406 3734 -
1436 3705 1666 3752 pugnaret
1692 3702 1731 3741 F
1764 3703 1806 3742 1.
1840 3700 1900 3742 G.
2019 3697 2068 3751 h)
2093 3699 2380 3749 Amalnngus
2413 3700 2453 3739 G
2485 3700 2563 3749 503
2592 3699 2826 3740 Amelon-

584 3765 670 3803 gns
699 3756 737 3795 F
771 3757 812 3796 2.
932 3754 968 3808 1)
1003 3763 1140 3799 contu
1183 3761 1227 3799 D
1258 3761 1339 3810 1⁸3
1383 3761 1422 3799 F·
1455 3762 1494 3802 1.
1527 3757 1588 3800 ’2.
1635 3759 1677 3799 G
1709 3760 1752 3802 1.
1784 3760 1825 3800 2.
1858 3757 1919 3804 ’8.
1952 3761 1995 3803 8.
2026 3760 2080 3808 43
2123 3761 2261 3799 conto
2290 3759 2333 3799 A
2364 3759 2408 3799 2.
2442 3758 2488 3798 5.
2520 3759 2563 3799 6.
2594 3759 2634 3798 B
2668 3759 2708 3798 l.
2747 3761 2824 3802 la.

582 3812 627 3852 H
660 3815 697 3852 1.
731 3814 757 3853 1
787 3814 827 3856 2.
860 3813 901 3866 8,
934 3827 956 3854 e
983 3827 1098 3858 corr.
1144 3818 1187 3857 D
1221 3820 1269 3868 13
1316 3822 1517 3859 comtum
1546 3830 1661 3860 corr.
1693 3821 1844 3859 comto
1883 3818 1922 3857 Ε
1956 3820 1998 3857 1.
2148 3815 2198 3869 k)
2231 3827 2370 3866 quem
2414 3815 2458 3856 A
2489 3817 2530 3858 2.
2561 3817 2601 3856 Β
2634 3817 2675 3858 1.
2704 3817 2745 3856 F
2779 3818 2825 3856 1.

584 3869 626 3911 G
657 3872 698 3911 1.
733 3873 775 3912 2.
809 3868 873 3913 ’8.
906 3873 948 3914 3.
1098 3872 1134 3925 1)
1167 3885 1276 3916 arca
1318 3875 1360 3916 A
1391 3878 1446 3927 83
1503 3880 1632 3917 serat
1674 3877 1712 3917 P
1744 3878 1784 3918 1.
1946 3873 2010 3928 m)
2041 3875 2152 3915 deest
2199 3875 2242 3916 G
2270 3876 2316 3917 4.
2462 3873 2513 3927 n)
2547 3874 2649 3922 Quo
2697 3875 2739 3914 F
2775 3877 2818 3915 l·

581 3926 627 3981 ο)
660 3929 880 3980 fugiendo
912 3932 962 3973 O.
991 3931 1050 3973 D.
1088 3932 1129 3973 G
1160 3932 1228 3978 50.
1258 3934 1282 3972 1
1308 3935 1347 3974 1.
1380 3935 1421 3977 2.
1542 3933 1592 3986 p)
1622 3934 1816 3984 tropheo
1848 3933 1889 3975 G
1921 3934 1964 3976 8.
1994 3935 2037 3974 4.
2159 3932 2207 3986 q)
2235 3934 2475 3975 victoriam
2506 3933 2557 3975 Ο.
2595 3936 2635 3973 1.
2665 3933 2718 3973 F.
2755 3933 2826 3984 ὃς

581 3989 697 4099 guod
715 3988 912 4038 sortasse
940 3990 1227 4040 recipiendum
1256 3996 1365 4034 erat.
1484 3990 1527 4044 r)
1559 3994 1826 4044 conspicere
1855 3994 1893 4033 F
1926 3994 1964 4035 1.
2083 3989 2124 4044 ει)
2158 4003 2187 4033 a
2214 3993 2270 4034 N.
2304 3992 2346 4033 G
2376 3994 2418 4035 3.
2455 4014 2508 4024 —
2537 3991 2687 4033 Roma
2714 3993 2757 4033 F
2775 3995 2820 4035 1.

578 4051 597 4088 t
652 4048 773 4097 Quia
800 4050 838 4090 P
868 4052 912 4091 1.

584 4197 642 4265 1)
680 4199 880 4252 Forino
917 4200 1056 4254 inter
1078 4197 1321 4252 Avellt'no
1348 4207 1396 4252 et
1423 4198 1653 4253 Nocera.
1803 4197 1860 4266 2)
1899 4197 2187 4265 Sequentia
2224 4216 2287 4252 ex
2314 4198 2381 4250 G.
2410 4207 2562 4265 pont.
2615 4197 2781 4252 Vitat.
2796 4217 2819 4262 ‚-

582 4274 873 4338 antiquitus
919 4275 1196 4338 instituta3
1247 4288 1384 4339 quae
1438 4299 1504 4309 —
1546 4277 1863 4338 martyrum3
1909 4272 2176 4339 imperiali
2213 4274 2361 4323 iussu
2409 4278 2465 4324 et
2514 4273 2818 4325 Grecorum

582 4346 835 4409 avaritia3
875 4347 973 4396 sed
1017 4373 1077 4384 -
1117 4345 1243 4409 luit;
1284 4360 1317 4396 a
1354 4346 1463 4397 suis
1501 4353 1549 4397 et
1589 4343 1703 4396 alia
1738 4342 1952 4411 singula
1986 4343 2149 4398 verba
2188 4344 2400 4396 addidit
2434 4340 2663 4397 Paulus.
