3042 4909
692 395 915 448 PAULI
953 394 1304 448 HISTORIA.
1339 395 2017 450 LANGOBARDORUM.
2409 393 2480 448 27

403 561 542 651 (19)
588 563 645 631 A
695 563 754 628 7.
856 563 1399 650 Matritensis
1467 565 1695 665 regius
1758 562 1822 644 V,
1893 563 2045 646 188,
2112 565 2371 631 membr.
2426 577 2485 631 et

231 648 439 712 chart.
488 669 540 711 s.
584 646 752 729 XIV,
807 649 881 711 in
926 646 1130 710 Italia
1173 647 1271 711 vel
1314 645 1612 712 Helvetia
1660 656 1993 729 exaratus,
2040 650 2158 733 qui
2201 648 2301 714 nil
2341 651 2482 715 nisi

231 730 604 795 Historiam
647 730 1244 816 Lanqobardorum
1297 732 1602 812 continet,
1712 739 1886 796 ostea
1938 731 2070 797 alio
2124 742 2343 798 assuto
2390 734 2483 799 ad

235 813 603 880 Concilium
637 813 1127 880 Constantiense
1219 815 1549 880 ertinente.
1616 754 1828 881 Ivzideae
1859 816 2077 901 primi
2104 815 2263 881 libri
2291 816 2479 882 deest.

229 897 538 963 Paucula
582 900 866 963 enotavit
907 898 965 965 b.
1007 922 1088 963 m.
1207 943 1224 960 .
1266 898 1521 980 Knust,·
1570 898 1711 962 alia
1769 899 1833 964 V.
1885 896 1976 967 Ol.
2018 899 2236 964 Baist.

404 980 466 1045 A
581 984 754 1047 rima
818 982 942 1046 hac
1007 982 1301 1047 codicum
1364 982 1572 1047 classe
1637 981 1902 1085 longius
1959 982 2266 1047 recedunt
2361 987 2481 1049 uos

231 1065 454 1130 littera
477 1005 576 1130 BP
570 1065 1038 1147 indicavimus,
1069 1066 1148 1130 de
1177 1087 1452 1152 quorum
1480 1066 1701 1131 indole
1724 1088 1875 1151 Jam
1903 1088 2117 1152 supra
2149 1089 2317 1153 aqen
2371 1090 2480 1133 um

235 1158 400 1231 erat,
446 1152 691 1235 quippe
736 1151 852 1236 qui
880 1150 1349 1215 dubitationem
1389 1151 1727 1236 injiciant,
1773 1173 1933 1215 num
1978 1150 2059 1215 ab
2089 1153 2239 1237 ipso
2269 1150 2480 1216 Paulo

215 1231 516 1319 fortasse
557 1234 754 1297 verba
795 1235 893 1298 ita
924 1236 1057 1298 sint
1099 1241 1352 1297 mutata
1392 1232 1627 1319 qualia
1669 1234 1775 1299 hic
1814 1232 2140 1319 leyantur.
2233 1232 2481 1301 Ceteros

238 1318 632 1402 antiquitate
663 1315 1011 1403 praecellit
2442 1373 2447 1378 .

410 1401 552 1488 (20)
597 1401 661 1464 Β
706 1399 761 1463 1.
865 1400 1420 1482 Havniensis,
1494 1399 1728 1466 collect.
1785 1422 1922 1487 req.
1981 1401 2295 1489 antiquae
2355 1402 2479 1466 Nr.

236 1483 425 1567 2158,
455 1484 517 1567 4,
565 1484 717 1550 olim
759 1483 1255 1570 Lindenbroqii,
1289 1483 1603 1569 pluribus
1642 1506 1693 1547 s.
1739 1483 1851 1548 IX.
1892 1482 1992 1550 vel
2033 1486 2109 1550 X.
2154 1486 2481 1568 manibus,

277 1591 522 1633 uarum
564 1569 926 1653 specimina
969 1570 1044 1633 in
1088 1567 1314 1631 tabula
1346 1567 1429 1631 II
1461 1568 1865 1650 addidimus,
1906 1570 1981 1633 in
2016 1568 2239 1652 Italia,
2284 1579 2357 1633 ut
2384 1572 2479 1635 vi-

233 1589 447 1733 }etur,
506 1660 839 1717 exaratus.
924 1651 1027 1715 De
1071 1653 1366 1738 pretioso
1421 1653 1539 1716 Izoc
1584 1652 1823 1733 codice,
1881 1653 2066 1717 nobis
2118 1654 2481 1739 petentibus

234 1734 529 1801 benevole
557 1735 945 1801 Berolinum
987 1737 1372 1800 transmisso
1415 1744 1474 1801 et
1515 1758 1714 1821 quam
1739 1734 2123 1820 fidelissime
2151 1760 2296 1802 cum
2327 1737 2482 1802 aliis

234 1828 641 1904 comparatO,
685 1842 743 1883 v.
775 1819 863 1883 N.
892 1818 1091 1884 Arch.
1135 1819 1189 1899 I,
1283 1864 1298 1881 .
1344 1818 1470 1884 540
1512 1841 1607 1905 sq.
1671 1818 2229 1894 Quaternionibus
2319 1821 2482 1886 luri-

238 1901 356 1967 bus
399 1904 479 1968 de
530 1902 778 1984 erditis,
821 1902 1025 1967 Pauli
1052 1842 1595 1968 liberqacunosus
1623 1912 1713 1968 est
1741 1905 2008 1988 (desunt
2038 1904 2165 1987 III,
2200 1903 2232 1967 1
2286 1907 2413 1969 —I
2423 1905 2483 1987 V,

239 1986 342 2051 21.
474 2034 492 2067 ,
543 1985 808 2051 17-40.
886 1986 985 2069 VI,
1034 1983 1337 2067 17—58).

410 2070 550 2157 (21)
592 2070 746 2134 Β2.
853 2069 1508 2136 Mediolanensis
1586 2069 2186 2136 Ambrosianus
2265 2071 2323 2137 Ο
2366 2072 2483 2154 72,

237 2155 493 2219 membr.
530 2152 662 2239 fol.
717 2176 767 2221 s.
811 2154 928 2235 XI,
975 2153 1125 2219 olim
1180 2163 1252 2218 ut
1291 2154 1551 2220 videtur
1608 2153 1679 2220 S.
1729 2154 2019 2220 Martini
2072 2155 2482 2220 Masciacen-

240 2238 350 2319 sis,
410 2240 527 2324 qui
558 2238 876 2323 pluribus
926 2236 1228 2302 manibus
1285 2240 1572 2324 scriptus
1628 2240 1827 2302 varia
1886 2239 2168 2303 continet
2219 2259 2421 2322 opera
2439 2249 2482 2321 ¹,

241 2323 423 2404 inter,
449 2343 616 2407 quae
644 2320 848 2386 Pauli
877 2322 1155 2386 historia
1182 2321 1493 2386 Romana
1523 2330 1581 2387 et
1607 2320 1758 2384 Lan
1808 2322 2204 2386 obardorum
2233 2343 2482 2386 necnon

239 2404 569 2472 Jordanis
630 2404 791 2471 liber
847 2406 927 2469 de
983 2405 1174 2471 rebus
1217 2404 1459 2469 Geticis
1517 2406 1643 2468 uni
1683 2405 1762 2469 de
1802 2413 1992 2469 entur
2052 2407 2447 2469 amanuensi
2457 2427 2482 2488 ;

241 2491 565 2575 specimen
609 2491 744 2553 scri
792 2497 980 2553 turae
1024 2489 1202 2556 dedit
1230 2490 1428 2554 editio
1473 2488 1972 2553 Muratoriana.
2064 2485 2377 2563 Quamvis
2407 2489 2483 2553 in

241 2573 462 2638 multis
527 2595 673 2637 cum
835 2575 868 2637 1
930 2574 1297 2648 conveniat,
1367 2571 1557 2637 aliud
1613 2581 1828 2638 tamen
1886 2571 2086 2637 Pauli
2148 2571 2484 2658 exemplar
2597 2605 2606 2612 ·

240 2666 509 2721 secutus·
553 2665 661 2720 est.
777 2655 1018 2722 Ultima
1076 2658 1211 2722 tria
1262 2656 1420 2722 libri
1489 2655 1590 2721 VI.
1658 2655 1958 2741 capitula
2012 2658 2225 2722 omisit
2238 2666 2281 2719 ².
2467 2702 2482 2719 .

242 2740 330 2803 N.
376 2740 576 2805 Arch.
622 2739 677 2822 I,
723 2763 801 2841 p.
844 2738 997 2820 543,
1055 2740 1171 2805 ubi
1222 2741 1604 2806 accuratius
1661 2740 1740 2805 de
1796 2740 1952 2805 libri
2008 2742 2207 2805 Izu‘us
2262 2739 2483 2805 indole

239 2826 510 2909 eqimus.
576 2825 903 2889 Lectionis
931 2825 1330 2906 varietatem,
1388 2826 1505 2888 'am
1532 2826 1606 2888 in
1636 2824 2000 2890 Muratorii
2028 2848 2059 2889 e
2108 2826 2306 2889 itione
2335 2824 2482 2888 ube-

241 2909 406 2990 rius,
439 2930 553 2972 nec
583 2917 798 2972 tamen
827 2907 1066 2992 ubique
1082 2910 1254 2994 pari
1282 2847 1632 2994 dil7i90ntia
1660 2910 2078 2995 exscriptam,
2110 2909 2483 2972 Bethmann

242 2992 458 3057 denuo
505 2992 758 3056 schedis
802 2993 942 3056 suis
984 2991 1225 3057 intulit.

411 3074 551 3163 (22)
594 3076 659 3139 Β
696 3075 797 3139 2“.
921 3075 1376 3141 Vaticanus
1446 3074 2048 3140 Ottobonianus
2113 3074 2239 3142 Nr.
2301 3073 2482 3158 1378,

239 3158 393 3224 olim
437 3158 616 3224 ‘liber
658 3156 959 3224 ecclesiae
1004 3158 1175 3224 beati
1216 3158 1605 3240 Marcialis',
1648 3159 1903 3225 membr.
1934 3182 1983 3227 s.
2014 3159 2163 3223 XII.
2195 3159 2312 3239 in.,
2350 3167 2486 3223 tum

240 3243 313 3306 in
354 3241 501 3325 fine
554 3242 712 3309 libri
769 3242 869 3326 VI,
924 3252 1058 3307 tum
1100 3243 1174 3308 in
1218 3243 1504 3329 sinqulis
1563 3241 1771 3309 verbis
1831 3244 1932 3307 ita
1974 3265 2119 3307 cum
2160 3242 2226 3305 B
2247 3243 2288 3307 2
2333 3265 2481 3307 con·

242 3328 435 3475 {enim
479 3336 570 3408 ut,
613 3326 1026 3393 Bethmanno
1050 3326 1302 3413 judice,
1334 3348 1414 3391 ex
1445 3328 1561 3391 Izoc
1593 3325 1961 3412 descriptus
1991 3328 2077 3390 sit
2105 3327 2483 3391 censendus.

281 3433 324 3474 n
376 3412 508 3477 ices
552 3411 786 3475 omisit.

440 3491 554 3640 23{
592 3494 661 3559 -B
689 3493 750 3558 3.
835 3495 1285 3560 Bernensis
1328 3494 1454 3558 Nr.
1486 3491 1590 3574 83,
1616 3492 1685 3577 f.
1725 3491 1844 3556 104
1872 3513 2026 3577 sqq„
2070 3490 2325 3557 membr.
2350 3489 2482 3576 fol.

241 3600 292 3642 s.
417 3625 439 3659 ,
469 3601 527 3664 p
558 3578 790 3643 unibus
831 3578 1136 3644 manibus
1179 3579 1312 3643 scri
1360 3586 1486 3657 tus,
1534 3578 1644 3641 cui
1671 3578 2022 3641 recentiore
2054 3584 2259 3640 aetate
2335 3596 2480 3639 rae-

241 3661 489 3747 liqatus
520 3670 611 3726 est
642 3662 818 3728 alius
855 3663 1053 3727 codex
1098 3661 1245 3728 olim
1279 3601 1356 3729 »Se
1382 3661 1674 3746 Remiyii
1700 3660 2039 3724 Remensis
2070 3657 2190 3744 (cf.
2293 3682 2482 3746 aqen,

247 3840 301 3909 1)
340 3842 677 3896 Praecedunt
713 3841 898 3895 Bedae
921 3839 1142 3894 historia
1182 3838 1488 3909 Anqlorum,
1542 3838 1760 3893 Daretis
1792 3837 2013 3893 historia
2054 3838 2309 3908 Trojano,
2354 3837 2484 3892 Ocn-

243 3916 416 3968 nalum
453 3924 500 3968 et
553 3913 930 3981 imperatorum
980 3913 1270 3983 cataloyus,
1321 3912 1593 3980 Epistolae
1628 3912 1945 3980 Hieronymi
1989 3921 2038 3965 et
2088 3910 2337 3966 Senecae.
2413 3912 2484 3964 In

231 3988 341 4054 fine
378 3984 660 4040 voluminis
699 3992 907 4039 exstant
959 3986 1120 4039 Gesta
1166 3985 1436 4054 Apollonii
1488 4003 1697 4039 manca.
1771 3986 1978 4038 Eadem
2011 3984 2073 4037 in
2121 3982 2296 4038 codice
2333 3984 2482 4036 Mas-

246 4060 473 4113 ciacensi
508 4061 790 4129 conjuncta
816 4067 969 4112 erant
997 4068 1121 4112 teste
1146 4061 1384 4128 catalogo
1408 4076 1452 4110 s.
1477 4058 1615 4110 XII.
1641 4057 1701 4111 in
1724 4059 1838 4111 cod.
1892 4058 2145 4110 Vaticano
2188 4057 2287 4111 Nr.
2309 4057 2482 4107 3324:

247 4133 486 4186 Historia
534 4133 825 4198 Anglornm
864 4134 1210 4185 Troianorum
1261 4134 1620 4185 Romanorum
1669 4131 2144 4199 Langobardorum
2194 4130 2483 4183 Gottonnm

248 4207 303 4257 in
337 4223 442 4259 uno
484 4206 604 4258 cod.
646 4206 914 4258 ΒΕΤΗΜ.
1074 4204 1132 4272 2)
1173 4204 1462 4258 Muratorii
1512 4203 1903 4257 annotationem
1949 4202 2126 4255 ruminus
2176 4211 2484 4255 accuratam

251 4294 356 4332 esse
396 4279 490 4347 (cf.
535 4278 605 4330 N.
647 4276 844 4331 Archiv
883 4279 930 4343 I,
961 4295 1025 4345 p.
1066 4279 1218 4344 544),
1270 4278 1328 4330 V.
1386 4277 1460 4330 Ol.
1512 4278 1717 4342 Heller,
1768 4277 1943 4329 codice
1991 4274 2184 4329 iterum
2232 4273 2483 4342 inspecto,

250 4351 508 4418 probavit.
