3042 4909
721 433 945 485 PAULI
984 434 1334 488 HISTORIA
1369 435 2045 496 LANGOBABDORUM.
2436 437 2507 487 23

448 602 632 666 Unus
678 601 916 664 alterve
959 623 1089 666 non
1131 602 1240 666 lon
1289 626 1321 667 e
1366 626 1410 667 a
1440 602 1645 667 Pauli
1687 611 1893 668 aetate
1938 603 2131 685 abest,
2179 604 2302 670 alii
2341 615 2507 670 certe

266 708 432 751 saec.
465 685 579 749 IX.
623 684 722 750 vel
748 685 827 748 X.
873 687 1154 768 exarati,
1188 708 1242 770 p
1269 688 1369 751 eri
1409 707 1490 750 ue
1526 688 1883 772 posteriori
1920 696 2125 753 aetate
2168 709 2371 772 usque
2416 690 2509 754 ad

265 771 433 834 artis
462 770 982 855 typoqraphicae
1010 770 1303 835 incunab
1380 794 1423 835 a
1459 771 1790 855 descripti.
1863 770 1966 835 De
1996 771 2231 858 quibus
2311 774 2509 837 artim

262 854 657 934 Bethmann‚
706 854 962 936 partim
1015 853 1045 915 i
1091 874 1156 918 se
1212 856 1286 919 in
1343 852 1721 920 Annalibus
1775 856 2017 919 nostris
2062 855 2232 938 (Arc
2280 856 2347 919 iv
2387 857 2508 922 der

266 935 694 1020 Gesellschaft
749 936 887 1018 VH,
922 959 996 1020 p.
1071 935 1153 1002 75
1180 958 1316 1024 sqq.
1360 937 1437 1020 X,
1531 984 1550 1001 .
1601 936 1723 1001 317
1768 959 1799 1001 s
1843 984 1860 1002 .
1902 938 2117 1003 Neues
2159 938 2406 1003 Archiv
2449 940 2505 1021 I,

251 1044 328 1106 p.
372 1020 500 1085 535
542 1023 713 1105 sqq.)
751 1019 994 1104 fusius
1048 1044 1081 1085 e
1128 1023 1318 1085 imus.
1475 1025 1558 1088 ic·
1588 1024 1786 1107 sinqu
1853 1044 1884 1086 s
1935 1023 2211 1087 breviter
2251 1031 2507 1088 tantum

259 1115 728 1184 recensemus¹‚
775 1102 1008 1188 plures
1098 1105 1486 1170 iscernentes
1542 1105 1801 1186 classes,
1855 1105 2089 1170 litteris
2146 1107 2507 1192 majoribus

261 1190 602 1254 indicatas
644 1186 743 1271 (A
790 1188 820 1250 1
869 1210 1005 1273 sqq.
1008 1191 1063 1269 ).

437 1272 535 1357 (1)
580 1271 885 1335 Omnium
957 1273 1032 1335 ui
1059 1280 1316 1336 exstant
1344 1273 1845 1357 antiquissimus
1875 1282 1967 1335 est
1995 1274 2197 1338 co'deoe
2226 1274 2432 1337 rescri
2483 1312 2505 1322 -

264 1366 369 1419 tus
413 1353 824 1420 bibliothecae
943 1358 1015 1419 si
1029 1357 1283 1420 siensi
1294 1378 1355 1437 s,
1394 1358 1623 1441 prima
1664 1379 1870 1421 manu
1912 1356 2143 1421 litteris
2187 1379 2354 1441 quas
2451 1359 2505 1421 i-

265 1449 422 1505 cunt
477 1438 853 1503 uncialibus
896 1461 1066 1503 saec.
1125 1437 1297 1503 VIII.
1343 1449 1644 1519 exeunte,
1703 1449 1775 1502 ut
1815 1441 2105 1520 videtur,
2164 1449 2503 1522 exaratus,

263 1525 338 1588 in
385 1544 512 1609 quo
537 1522 935 1671 frfflmema
975 1522 1133 1588 libri
1159 1523 1249 1586 ΙΙ.
1281 1532 1339 1586 et
1382 1523 1446 1589 V.
1491 1524 1916 1608 deprehendit
1941 1524 2336 1589 Bethmann.
2401 1524 2503 1589 De

265 1628 544 1693 quorum
584 1609 612 1671 i
711 1606 804 1671 ole
846 1628 905 1669 v.
949 1606 1038 1670 N.
1083 1605 1285 1672 Arch.
1326 1606 1370 1670 l.
1410 1606 1455 1670 l.
1491 1630 1566 1692 p.
1610 1606 1756 1671 537.

439 1689 536 1776 (2)
581 1689 644 1753 A
691 1690 746 1753 1.
834 1688 1165 1755 Ecclesiae
1223 1690 1624 1755 cathedralis
1675 1692 1883 1755 Foro
1887 1713 1925 1777 J
1944 1691 2300 1757 uliensis
2355 1689 2505 1774 (Ci-

262 1776 763 1855 vitatensis)‚
820 1775 895 1837 in
939 1776 1097 1859 ipsa
1137 1773 1342 1838 Pauli
1433 1777 1645 1855 atria,
1705 1783 1777 1838 ut
1817 1775 2107 1855 videtur,
2167 1784 2505 1852 exaratus,

264 1883 314 1924 s.
361 1858 477 1922 H.
519 1858 751 1938 medio,
808 1880 1013 1921 manu
1066 1880 1228 1939 una,
1284 1882 1316 1922 c
1392 1879 1539 1922 amo
1583 1859 1911 1940 continuo,
1958 1867 2317 1923 atramento
2357 1859 2504 1922 sub-

243 1943 490 2027 fusco;
548 1943 1011 2027 quaterniones
1050 1939 1320 2026 formae
1376 1943 1753 2006 octonariae
1808 1951 1999 2006 erant
2042 1942 2141 2023 13,
2193 1965 2225 2007 e
2313 1941 2507 2008 uibus

254 2028 471 2111 primi
492 2025 678 2109 folia
736 2027 1025 2110 quinque
1066 2026 1313 2109 priora
1366 2047 1513 2089 cum
1563 2028 1831 2110 septimo
1884 2025 2221 2111 ultimique
2307 2025 2506 2091 olium

352 2112 554 2174 imum
606 2131 752 2172 cum
810 2117 1031 2173 octavo
1076 2109 1491 2191 eccciderunt;
1553 2109 1769 2173 lineae
1872 2132 1944 2174 er
1970 2111 2310 2210 paqinam
2352 2118 2508 2173 sunt

257 2133 365 2258 gl.
412 2193 819 2271 Bethmann,
884 2195 1001 2276 qui
1055 2193 1130 2254 in
1179 2192 1447 2257 ecclesia
1489 2196 1740 2278 majore
1840 2192 2256 2278 oroyuliana,
2312 2213 2506 2257 cano-

264 2281 412 2344 nico
464 2279 544 2343 de
600 2275 919 2340 Orlandis
977 2275 1356 2361 adjuvante,
1417 2277 1617 2363 hujus
1668 2278 1944 2361 pretiosi
1997 2274 2154 2340 libri
2206 2275 2508 2341 lectiones

265 2370 571 2427 accurate
612 2361 919 2441 enotavit,
965 2359 1044 2423 de
1092 2361 1233 2443 ipso
1281 2360 1437 2424 haec
1482 2369 1827 2443 praeterea
1866 2360 2152 2423 monuit.-
2196 2359 2505 2425 ‘Habitus

258 2445 463 2531 plane
514 2453 587 2508 ut
636 2445 710 2507 in
767 2444 981 2529 lequm
1037 2443 1370 2508 codicibus
1422 2443 1673 2508 saeculi
1722 2442 1858 2524 1X;
1919 2441 2170 2507 litterae
2209 2442 2504 2507 initiales

261 2551 466 2616 neque
510 2529 913 2593 ornamentis
955 2549 1158 2614 neque
1186 2526 1507 2592 coloribus
1534 2527 1671 2592 insi
1717 2529 1915 2608 nitae,
1957 2526 2234 2592 maculis
2274 2526 2506 2591 solum-

261 2614 448 2678 modo
478 2635 659 2676 nunc
686 2612 927 2676 viridis
955 2619 1131 2675 nunc
1161 2612 1370 2675 crocei
1398 2610 1637 2675 coloris
1658 2550 2024 2691 distinctae,
2035 2609 2273 2696 forma
2294 2611 2506 2675 Mero-

264 2697 550 2783 vinqicis
592 2693 982 2760 simillimae.
1074 2692 1377 2779 Capitum
1419 2696 1681 2760 numeri
1723 2703 2081 2759 atramento
2125 2696 2393 2758 emarati
2430 2697 2505 2759 in

265 2780 437 2845 calce
470 2780 932 2865 praecedentis
960 2780 1275 2864 cujusque
1304 2780 1568 2864 capitis,
1607 2800 1741 2843 non
1769 2778 1845 2842 in
1873 2780 2194 2865 marqine.
2275 2778 2506 2843 Vocum

263 2866 504 2930 divisio
546 2864 899 2927 admodum
938 2885 1197 2927 manca.
1266 2862 1616 2928 Scribendi
1657 2863 2047 2946 compendia
2063 2864 2504 2947 paucissima.

268 2948 426 3013 Alia
482 2968 722 3011 manus
769 2969 898 3031 per
952 2954 1150 3010 totum
1207 2947 1489 3011 codicem
1543 2948 1646 3011 hic
1706 2944 1845 3011 illic
1904 2948 2229 3033 quaedam
2284 2949 2505 3010 minus

260 3033 414 3097 bene
472 3032 795 3095 correxit’.
885 3031 1152 3095 Teaetum
1204 3031 1308 3095 hic
1351 3031 1670 3094 traditum
1714 3052 1999 3094 summae
2043 3052 2176 3095 esse
2222 3032 2506 3095 auctori-

261 3119 437 3197 tatis,
480 3136 627 3179 cum
668 3114 1079 3178 Betkmanno
1110 3135 1244 3177 non
1263 3135 1616 3198 possumus
1688 3116 1807 3177 uin
1837 3123 2222 3178 statuamus.
2279 3114 2505 3197 Neque

260 3210 475 3264 tamen
514 3198 767 3263 mendis
810 3206 1006 3276 caret,
1042 3206 1099 3260 et
1128 3198 1200 3261 in
1229 3198 1567 3261 verborum
1645 3200 1842 3261 ormis
1873 3198 2316 3282 eaeprimendis
2345 3219 2505 3261 non-

265 3305 624 3383 numquam
654 3282 734 3344 ab
766 3282 1030 3367 archety
1083 3303 1118 3345 o
1147 3280 1366 3345 scriba
1394 3282 1730 3345 recessisse
1758 3281 2035 3346 videtur.
2110 3280 2504 3366 Scripturae

262 3388 584 3454 specimen
626 3365 775 3429 vide
816 3366 892 3428 in
936 3373 1006 3426 ta
1049 3363 1164 3428 ula
1206 3363 1261 3431 I.
1292 3366 1601 3430 editionis
1643 3366 1937 3450 majoris.

260 3534 305 3598 4
430 3449 574 3597 1ἕξ)
620 3447 683 3511 Α
711 3448 771 3512 2.
866 3448 1342 3513 Vaticanus
1383 3448 1510 3512 Nr.
1540 3446 1729 3526 4917,
1773 3447 1924 3512 olim
1954 3446 2201 3528 Sirleti,
2244 3446 2500 3510 membr.
2522 3466 2539 3484 ·
2587 3496 2602 3510 .

305 3579 322 3596 .
352 3556 404 3597 s.
436 3557 441 3560 ²
530 3580 550 3614 ,

245 3534 1016 3703 fomu..2“}2²11⁰51?555⁷'
1046 3530 2507 3693 {issi‘ssssfflifafssssssbssssissmgu‘g‘fiffess⁰333&

264 3699 747 3765 constituendus
792 3700 892 3763 sit.
979 3638 1268 3780 inlaliter
1308 3697 1638 3763 Romanus
1687 3695 1828 3761 fieri
1871 3693 2103 3760 debeat
2145 3701 2238 3779 (v.
2286 3693 2503 3761 Giese-

265 3784 480 3849 brecht
520 3783 602 3846 K.
649 3782 729 3847 G.
774 3783 829 3863 I,
868 3805 939 3867 p.
963 3782 1142 3863 884).
1229 3784 1394 3847 Inde
1435 3781 1675 3846 librum
1716 3781 1964 3846 Romae
2007 3781 2322 3881 scriptum
2374 3802 2507 3846 esse

266 3867 414 3932 colli
461 3867 703 3931 endum
729 3875 838 3931 est.
904 3867 1161 3930 Indices
1196 3888 1323 3952 per
1366 3865 1642 3952 sinqula
1684 3866 1910 3950 capita
1938 3886 2182 3950 sparsi,
2227 3864 2303 3929 id
2333 3864 2507 3951 quod

266 3953 401 4016 scri
443 3973 521 4015 ae
562 3948 979 4015 tribuendum
1021 3972 1152 4016 esse
1192 3951 1452 4015 videtur
1467 3961 1512 4014 ².
1586 3948 1782 4014 Liber
1823 3972 1968 4013 cum
2009 3948 2072 4012 A
2096 3950 2129 4012 1
2178 3946 2508 4034 affinitate

263 4037 655 4122 conjunctus
696 4057 899 4120 neque
957 4042 1173 4098 tamen
1216 4056 1297 4099 eoe
1339 4035 1456 4099 boc
1480 4034 1713 4119 fluaeit,
1767 4054 2262 4119 nonnumquam
2311 4032 2504 4097 etiam

275 4246 327 4309 1)
352 4243 560 4307 Omnes,
599 4245 666 4295 de
686 4243 874 4310 quibus
913 4241 1068 4294 aliter
1085 4258 1192 4293 non
1228 4239 1424 4304 monui,
1448 4241 1751 4292 Bethmoenn
1786 4239 1901 4306 ipse
1919 4237 2125 4290 evolvit.
2275 4235 2334 4304 2)
2357 4236 2501 4288 Nam

270 4318 494 4385 sinyulis
533 4316 683 4368 libris
711 4317 877 4368 verba
903 4312 1228 4382 praemittit:
1261 4315 1327 4365 In
1363 4330 1415 4366 n.
1453 4315 1525 4366 D.
1561 4317 1669 4365 inc.
1710 4311 1950 4380 capitula
1988 4311 2056 4362 de
2095 4311 2316 4362 historia
2354 4311 2496 4361 Lan·

266 4391 623 4456 gobardomm
663 4398 756 4442 etc.
