3042 4909
676 397 896 451 PAULI
935 397 1280 450 HISTORIA
1317 394 1965 449 LANGOBARDORUM
2365 397 2431 445 43

229 565 337 647 IV,
368 564 470 630 31.
529 564 630 646 VI,
663 564 719 630 7.
751 562 887 646 37),
935 564 1072 631 alia
1100 572 1642 664 transponuntur,
1687 564 2180 644 contrahuntur,
2222 562 2430 627 verbis

228 651 492 715 mutatis
555 648 954 728 redduntur,
1025 657 1099 712 ut
1156 657 1383 734 potius
1439 669 1605 732 opus
1661 668 1740 710 ecc
1795 646 2005 712 Paulo
2077 645 2431 731 confectum

227 755 416 817 quam
467 730 663 796 Pauli
718 731 993 797 codicem
1048 731 1253 796 dicas.
1337 730 1563 815 Neque
1615 730 2143 816 interpolationes
2201 730 2430 795 desunt

227 814 470 964 931179
515 815 615 882 23.
657 813 762 880 32.
838 814 886 879 Ι
890 814 947 897 V,
990 814 1126 896 37).
1212 811 1313 880 De
1357 814 1457 879 his
1503 814 1794 879 omnibus
1835 813 2049 879 retulit
2101 813 2162 877 V.
2212 811 2304 880 Cl.
2345 813 2429 879 R.

278 924 364 964 au
394 924 443 963 ι.

391 981 530 1068 (98)
586 981 657 1045 Κ
701 982 760 1046 2.
851 980 1584 1047 Cheltenhamensis
1651 979 2090 1064 (bibliothecae
2156 980 2429 1046 Thomae

225 1066 470 1152 Phillip
524 1068 588 1148 s)
632 1065 754 1130 Nr.
778 1064 959 1148 3706,
1008 1064 1157 1131 olim
1184 1063 1359 1131 Julii
1386 1063 1757 1131 Saibanti1.
1839 1065 1975 1130 Sub
2018 1063 2203 1129 titulo
2246 1061 2428 1128 Pauli

226 1088 546 1215 Wanafgt
572 1147 981 1214 Forliviensis
1011 1147 1090 1213 de
1117 1146 1284 1214 bello
1312 1147 1882 1234 Longobardorum
1907 1148 1976 1234 f.
2005 1147 2147 1212 281.
2191 1146 2247 1213 le
2292 1149 2429 1213 itur

226 1235 505 1299 historia
550 1255 628 1297 eoe
673 1233 881 1298 Paulo
925 1255 1071 1297 exce
1157 1241 1225 1295 ta
1258 1234 1485 1318 potius
1529 1255 1725 1320 quam
1768 1232 2114 1318 descripta.
2256 1255 2426 1297 auca

224 1319 506 1384 enotavit
563 1317 626 1381 V.
676 1314 764 1383 Cl.
807 1317 891 1382 R.
935 1255 1154 1381 Pastis

392 1417 533 1504 (99)
575 1418 632 1481 L
677 1418 730 1481 1.
816 1418 1462 1504 Bamberqensis
1503 1419 1583 1482 Ε.
1625 1417 1752 1482 ΙΙΙ.
1799 1418 1896 1499 14,
1938 1416 2189 1482 membr.
2232 1438 2282 1481 s.
2312 1417 2430 1498 XI,

228 1505 301 1569 in
345 1502 545 1568 Italia
587 1502 721 1567 scri
768 1510 902 1583 tus,
967 1503 1046 1566 de
1102 1524 1226 1587 quo
1262 1500 1427 1588 fuse
1483 1502 1888 1587 disputatum
1942 1509 2032 1565 est
2074 1502 2269 1565 Arch.
2313 1500 2428 1582 IX,

218 1609 291 1673 p.
323 1585 442 1651 673
484 1608 619 1672 sqq.
769 1608 892 1651 uae
936 1587 1050 1650 hoc
1091 1584 1411 1650 volumine
1453 1587 1865 1651 continentur
1901 1594 2174 1649 veterum
2219 1586 2426 1670 scrip-

225 1680 434 1736 torum
476 1691 677 1754 opera
707 1667 1027 1768 pleraque
1069 1690 1201 1734 non
1229 1667 1519 1750 fideliter
1561 1679 1846 1755 excepta,
1886 1668 2000 1734 sed
2025 1677 2267 1736 mutato
2296 1689 2425 1734 ser-

226 1776 406 1819 mone
448 1752 706 1822 reddita
748 1752 1086 1837 multasque
1130 1752 1574 1820 additionibus
1618 1763 1812 1818 aucta
1856 1762 2026 1834 sunt,
2069 1753 2165 1817 ita
2207 1762 2277 1817 ut
2315 1753 2427 1818 vioe

222 1838 503 1925 qenuini
543 1836 854 1901 sermonis
897 1836 1174 1922 vestiqia
1218 1836 1679 1920 deprehendas.

391 1937 573 2024 (100)
629 1937 686 2000 L
728 1938 788 2002 2.
883 1936 1403 2020 Oaeoniensis,
1487 1937 1639 2004 Coll.
1692 1938 2070 2024 Maydalen.
2120 1937 2264 2001 Lat.
2325 1937 2425 2018 14,

221 2022 476 2090 membr.
521 2043 571 2086 8.
613 2020 788 2086 XIV.
831 2021 892 2104 4,
936 2021 1403 2107 Bamberqensi
1445 2022 1699 2103 similis,
1745 2031 1814 2087 ut
1858 2023 1923 2087 V.
1972 2020 2061 2088 Cl.
2103 2022 2188 2086 R.
2232 2020 2427 2085 Pauli

225 2107 603 2171 accuratius
646 2107 963 2191 eoeposuit,
1007 2105 1094 2168 N.
1139 2103 1334 2170 Arch.
1378 2105 1433 2186 Ι,
1474 2128 1542 2190 Ρ.
1591 2106 1706 2171 161
1752 2127 1883 2191 sqq.

392 2206 572 2294 (101)
616 2205 670 2270 L
698 2205 757 2271 3.
825 2205 1459 2273 saresberiensis
1489 2206 1787 2272 ecclesiae
1814 2204 2210 2272 cathedralis
2246 2204 2422 2270 1060.

221 2291 380 2372 234,
447 2289 596 2355 olim
645 2290 828 2356 ‘liber
869 2290 1123 2356 ecclesie
1165 2289 1447 2372 Sarum',
1491 2291 1742 2355 membr.
1787 2313 1836 2354 s.
1879 2290 2073 2371 XIII,
2143 2312 2185 2353 a
2228 2289 2419 2353 Beth·

220 2397 463 2441 manno
509 2375 632 2438 huc
675 2373 920 2440 relatus
963 2384 1052 2438 est
1062 2397 1088 2457 ,·
1133 2373 1218 2461 cf.
1262 2374 1458 2443 Arch.
1500 2373 1636 2456 VII,
1673 2396 1746 2459 p.
1791 2373 1933 2438 244.
1979 2372 2118 2438 343.

387 2474 797 2563 *Afferuntur
826 2486 1172 2562 praeterea
1189 2487 1212 2523 ²
1229 2500 1250 2541 .·

390 2578 542 2665 (102
667 2577 1109 2642 Vaticanus
1146 2578 1272 2643 Nr.
1315 2577 1498 2660 8086,
1558 2577 1761 2642 chart.
1806 2598 1855 2640 s.
1898 2576 2033 2642 XV
2061 2573 2180 2661 (cf.
2225 2572 2421 2640 Arch.

218 2661 368 2744 XII,
402 2684 476 2746 p.
561 2661 713 2743 60),
777 2662 895 2746 qui
944 2663 1115 2728 inter
1168 2661 1307 2726 alia
1364 2669 1667 2746 excerpta
1721 2683 1800 2725 eae
1843 2660 2049 2726 Paulo
2146 2660 2424 2726 uaedam

219 2747 435 2811 deseri
483 2748 566 2811 sit
606 2742 901 2830 capitula
944 2745 1032 2829 (I,
1078 2745 1299 2809 1-12.
1345 2745 1612 2811 14-16.
1656 2743 1757 2810 22.
1801 2744 1902 2809 23.
1960 2744 2049 2826 ΙΙ,
2136 2791 2152 2809 .
2196 2743 2421 2812 8-10.

220 2828 424 2895 14-1
471 2876 487 2894 .
534 2828 797 2894 19-21.
858 2828 921 2909 V,
964 2828 1063 2893 30.
1138 2828 1237 2911 VI,
1283 2828 1380 2892 11.
1424 2828 1525 2894 23.
1570 2828 1670 2892 24.
1713 2827 1814 2894 34.
1857 2828 1959 2893 39.
2001 2825 2103 2894 47.
2146 2826 2248 2893 48.
2291 2826 2422 2914 57).

383 2930 538 3016 (103
652 2931 992 2995 Mantua
1012 2952 1189 3011 nus,
1248 2929 1397 2995 olim
1450 2932 1828 2996 monasterii
1870 2929 2419 3010 Padolironensis,

215 3012 416 3079 Arch.
556 3014 610 3095 I,
643 3036 718 3099 p.
762 3012 903 3079 627.

385 3114 564 3204 (104)
656 3114 1051 3181 Cantabri
1115 3116 1402 3198 iensis,
1462 3114 1653 3181 Clare
1696 3113 1875 3199 Hall,
1918 3116 2167 3181 membr.
2192 3115 2323 3199 fol.
2367 3138 2421 3179 8.

214 3197 405 3280 XIII,
449 3197 715 3280 Haenel,
766 3197 901 3264 Cat.
940 3220 1012 3283 Ρ.
1097 3199 1196 3263 81.

385 3300 570 3389 (105)
661 3298 920 3366 Comitis
965 3299 1042 3363 de
1085 3298 1607 3365 Asburnham
1649 3299 1723 3365 L.
1767 3299 1868 3382 86,
1910 3302 2160 3366 membr.
2191 3324 2241 3365 s.
2269 3297 2422 3383 XII,

213 3385 408 3469 cujus
450 3385 748 3449 notitiam
790 3384 846 3448 b.
890 3406 973 3447 m.
1019 3382 1096 3447 G.
1143 3384 1228 3448 H.
1270 3383 1452 3448 Pertz
1494 3384 1689 3449 dedit.

415 3484 563 3571 106)
647 3482 754 3549 Ab
771 3485 850 3548 ri
864 3486 1188 3551 ncensis
1251 3483 1628 3549 bibliotheca
1693 3484 1939 3571 aliquot
2000 3486 2241 3550 codicis
2305 3488 2422 3570 qui

189 3567 346 3653 fuit
463 3570 630 3634 ontis
664 3567 735 3634 S.
767 3567 1108 3633 Michaelis
1133 3566 1320 3654 folia
1364 3589 1413 3632 s.
1455 3568 1604 3632 XII.
1650 3570 1898 3654 scripta
1939 3578 2182 3651 servat;
2225 3569 2417 3634 Beth·

206 3673 457 3717 manno
501 3660 667 3734 teste,
712 3652 829 3737 qui
869 3652 963 3717 ibi
991 3674 1314 3738 praesens
1336 3650 1505 3738 fuit.

380 3752 561 3843 (107)
643 3753 1103 3819 Vaticanus
1141 3752 1590 3819 Palatinus
1629 3753 1754 3818 Nr.
1785 3754 1927 3836 851,
1970 3754 2175 3819 chart.
2204 3776 2256 3819 s.
2285 3752 2419 3835 XV,

206 3903 502 3960 comitissae
528 3904 804 3958 Mathildie
844 3906 906 3969 (a
941 3905 1118 3959 comite
1141 3905 1205 3959 P.
1223 3906 1461 3958 Manae-a
1497 3904 1696 3972 edita),·
1731 3906 1815 3959 De
1836 3907 1997 3974 sestis
2035 3907 2418 3974 apostolorum,-

205 3979 294 4034 De
335 3979 404 4030 ⁷2
455 3976 761 4045 discipulie5
794 3978 904 4031 ’De
954 3986 1145 4046 septem
1192 3977 1461 4031 miraculis
1510 3978 1727 4042 mundi,-
1785 3980 2055 4047 Exempto
2104 3996 2168 4032 ex
2216 3978 2417 4033 Solino.

207 4050 268 4119 1)
318 4051 381 4107 V.
423 4049 658 4117 (Maffei)
711 4050 893 4104 Indice
947 4050 1029 4106 de’
1068 4049 1192 4105 libri
1244 4049 1305 4103 di
1360 4051 1536 4104 Giulio
1591 4051 1857 4106 Saibanti.
1943 4053 2128 4105 Veron.
2171 4053 2326 4117 1734,
2363 4052 2416 4116 8,

201 4123 299 4178 ubi
334 4125 413 4177 ita
452 4126 695 4192 affertur:
732 4125 888 4177 Pauli
913 4126 1131 4178 Venafri
1156 4125 1535 4178 Foroliviensis
1573 4126 1640 4177 de
1679 4126 1822 4178 bello
1848 4125 2089 4192 Longob.
2237 4122 2298 4193 2)
2334 4124 2417 4178 De

201 4195 503 4250 Parisiensi
543 4196 641 4249 Nr.
673 4199 812 4249 1760
849 4215 899 4250 v.
924 4215 1092 4264 supra
1120 4197 1166 4250 Ο
1184 4199 1251 4261 3,·
1288 4198 1353 4250 de
1390 4195 1664 4251 Brixiensi
1696 4198 1742 4250 J
1772 4192 1852 4250 lb.
2001 4197 2059 4264 3)
2101 4196 2224 4252 0001.
2264 4198 2416 4251 Glos-

202 4268 479 4335 coviensie,
517 4270 659 4322 Mus.
682 4270 914 4322 Hunter.
940 4268 998 4323 S.
1021 4272 1107 4334 52,
1143 4270 1352 4328 membr.
1391 4288 1435 4322 e.
1461 4269 1630 4324 XIII.
1667 4270 1822 4335 XIV,
1857 4269 2020 4322 Pauli
2056 4270 2311 4337 epitomen
2349 4269 2417 4322 ab

200 4341 525 4397 Μελῶν-ἆυ
563 4343 851 4411 confectam
888 4351 1125 4397 conanae.

2442 2501 2515 2553 ·,‚‚

2548 2505 2618 2544 48.
