3042 4909
583 415 689 464 174
887 410 1107 462 PAULI
1145 410 1494 463 HISTORIA
1532 409 2203 462 LANGOBARDORUM.
2277 409 2422 461 LIB.
2462 410 2559 462 IV.

581 580 735 646 vit1.
783 577 1014 643 Circa⁸
1036 577 1196 643 haec
1216 587 1506 663 tempora
1527 585 1780 641 mortuo
1822 586 1983 662 aput
2001 574 2286 641 Foroiuli
2309 574 2611 641 Grasulfo
2635 576 2829 660 duce,

580 661 1096 727 Foroiulensemb
1120 660 1423 726 ducatum
1442 657 1591 744 Ago
1627 682 1696 724 re
1744 660 1979 724 endum
2017 661 2318 745 suscepit.
2381 660 2563 746 Aput
2598 659 2831 745 Spole-

538 806 541 809 ,
584 749 745 811 tium
792 767 919 832 quo
968 768 1048 810 ue
1068 758 1093 788 ⁰
1144 742 1604 830 Theudelaupo
1621 744 1649 786 ‘¹
1739 743 2013 827 efuncto,
2057 741 2212 808 Atto
2232 754 2258 786 θ
2322 743 2534 809 eidem
2578 744 2832 809 civitati

408 830 814 895 estas-ductor
856 851 889 893 e
964 829 1145 893 citur.

469 928 563 984 (5⁸)
752 913 924 977 *51.¹·
1006 913 1211 997 Igitur
1238 910 1499 997 Aripert
1537 931 1655 995 pos
1726 932 1877 974 uam
1905 920 2103 996 aputss
2132 910 2430 975 Ticinum
2470 933 2591 997 per
2619 932 2831 975 annos

350 986 426 1041 '¹³‘
460 990 562 1033 ¹⁸⁸·
582 1019 816 1063 novem
863 995 1323 1080 Langobardos
1373 1004 1630 1059 rexerat
1738 996 1865 1058 iem
1929 995 2180 1077 obiens,
2247 1016 2517 1079 regnum
2569 994 2831 1059 duobus

581 1080 729 1146 filiis
805 1079 936 1143 suis
1009 1077 1217 1142 adhue
1281 1076 1785 1142 aduliscentibus
1847 1079 2206 1143 Peretarit¹¹
2284 1086 2347 1143 et
2419 1077 2788 1163 Godeperto
2811 1079 2831 1120 i

462 1187 563 1228 εει.
582 1188 650 1229 re
699 1162 936 1228 endum
963 1160 1220 1247 reliquit
1239 1172 1285 1224 ².
1349 1162 1439 1226 Et
1467 1160 1798 1247 Godepert
1818 1161 2077 1247 quidem
2106 1162 2363 1226 Ticinik
2406 1161 2626 1226 sedem
2646 1163 2836 1246 regni

583 1248 668 1313 ha
713 1249 839 1329 uit,
884 1246 1196 1311 Perctarit
1250 1267 1405 1310 vero
1448 1246 1516 1308 in
1573 1246 1828 1310 civitate
1870 1245 2352 1311 Mediolanensi.
2434 1245 2612 1311 Inter
2664 1266 2833 1330 quos

584 1332 830 1412 fratreS,
872 1328 1251 1395 facientibus
1311 1328 1639 1414 malignis¹
1682 1327 2070 1412 hominibuS,
2129 1328 2487 1394 discordiae
2533 1337 2600 1394 et
2653 1328 2831 1392 odio-

584 1437 726 1478 rum
779 1413 982 1478 fomes
1048 1413 1325 1477 surrexit
1365 1413 1434 1476 in
1495 1422 1769 1495 tantum,
1838 1422 1909 1476 ut
1950 1411 2164 1477 alterm
2232 1411 2493 1477 alterius
2553 1433 2624 1475 re
2712 1433 2831 1475 um

581 1497 884 1562 invadere
901 1508 930 1537 ¹¹
980 1505 1332 1560 conaretur.
1432 1495 1582 1576 Qua
1640 1496 1719 1561 de
1769 1519 1839 1560 re
1897 1495 2301 1581 Godepertus
2359 1494 2626 1581 Garipal
2670 1506 2831 1560 um⁰

586 1579 1031 1645 Taurinatium
1074 1578 1304 1645 ducem
1348 1579 1431 1643 ad
1475 1577 1814 1644 Grimuald
1856 1578 2453 1644 Beneventanorum
2498 1588 2831 1644 strenuum

584 1675 739 1730 tunc
784 1662 1112 1732 ductorem
1155 1662 1417 1745 direxit,
1474 1664 1752 1728 invitans
1799 1684 1965 1745 eum,
2029 1672 2103 1727 ut
2167 1664 2535 1749 quantotius
2582 1665 2834 1728 veniret

587 1758 652 1813 et
693 1746 818 1812 sibi
834 1758 862 1801 Ρ
907 1747 1213 1812 adversus
1255 1767 1632 1832 germanum
1677 1767 1862 1810 suum
1901 1748 2215 1812 Perctarit
2261 1746 2571 1811 auxilium
2613 1746 2832 1829 ferret,

586 1832 756 1917 regis
805 1852 885 1895 ue
927 1829 1144 1913 filiam,
1190 1852 1373 1894 suam
1462 1851 1808 1913 ermanam,
1853 1831 1914 1894 ei
1956 1853 2024 1895 se
2076 1830 2376 1894 daturum
2429 1832 2829 1916 promittens.

589 1915 719 1981 Sed
797 1937 830 1978 e
876 1924 1019 1980 atus
1062 1915 1204 2000 ipse
1253 1852 1684 1980 frautfulenter
1736 1923 1958 1979 contra
2001 1937 2191 1978 suum
2234 1913 2564 1979 dominum
2603 1936 2828 2000 agens,

591 1999 859 2065 Grimua
883 1997 1037 2063 dum
1091 1998 1461 2063 exhortatus
1528 2007 1642 2081 est,
1705 2007 1778 2062 ut
1839 1998 2090 2062 veniret
2152 2007 2217 2063 et
2255 1998 2830 2084 Langobardorum

586 2104 886 2167 regnum,
945 2081 1118 2168 quod
1181 2080 1606 2147 aduliscentes
1657 2082 1949 2166 germani
2012 2079 2430 2167 dissipabant,
2495 2082 2633 2166 ipse
2673 2082 2829 2145 arri-

590 2245 635 2298 a)
663 2257 822 2286 novum
850 2257 947 2296 cap.
979 2245 1194 2294 incipiunt
1223 2245 1259 2284 Β
1290 2246 1334 2286 4.
1370 2245 1413 2286 G
1443 2246 1511 2287 5ο.
1544 2246 1584 2285 1.
1602 2247 1643 2286 1.
1679 2267 1732 2275 —
1766 2245 1973 2287 circa—
2009 2246 2209 2286 efficitur
2237 2257 2317 2285 om.
2349 2243 2392 2284 A
2423 2242 2485 2285 ’4.
2604 2241 2652 2295 b)
2682 2243 2827 2284 Poro-

588 2303 827 2358 iul(i)ense
857 2306 914 2346 B.
949 2303 1013 2354 G,
1043 2302 1396 2356 Foroiul(i)ensi
1426 2304 1478 2345 Ο.
1509 2305 1639 2346 Dla.
1659 2305 1701 2348 5.
1821 2303 1864 2356 c)
1896 2306 2007 2344 deest
2035 2306 2089 2347 F.
2125 2304 2180 2345 G.
2302 2301 2349 2354 d)
2381 2303 2683 2352 Theudalapo
2712 2302 2754 2343 A
2776 2304 2829 2351 23

588 2364 887 2413 'rheudelapo
917 2375 1033 2406 corr.
1065 2363 1382 2413 Theadelapio
1413 2365 1456 2403 D
1491 2365 1533 2415 1,
1565 2368 1603 2402 et
1633 2364 1697 2402 ita
1728 2363 1808 2402 alii
1836 2364 1894 2403 D.
1926 2365 1950 2403 Ι
1982 2366 2034 2412 23
2079 2364 2417 2413 Theadelappo
2450 2361 2490 2402 G
2521 2362 2599 2411 503
2645 2361 2826 2403 'reude-

587 2422 730 2472 laupo
760 2423 797 2461 F
828 2423 869 2464 4.
903 2422 945 2463 G
978 2424 1017 2462 1.
1051 2423 1092 2463 2.
1127 2424 1178 2470 63
1220 2421 1515 2472 Teudelapro
1550 2421 1592 2462 G
1623 2423 1674 2471 ὃς
1721 2422 1992 2471 Teudelapo
2024 2420 2065 2461 A
2097 2418 2157 2463 ’8.
2193 2421 2234 2462 G
2263 2423 2315 2471 ις
2362 2420 2648 2470 ‘reudelapio
2681 2420 2723 2460 G
2745 2420 2829 2469 5⁸3

589 2481 906 2531 Theodelapio
937 2482 975 2521 B
1012 2482 1062 2530 13
1095 2481 1392 2529 Theodelapo
1426 2479 1461 2521 Ο
1494 2483 1549 2530 1ς
1581 2481 1879 2531 Theodephio
1912 2480 1947 2521 Ο
1980 2482 2025 2530 23
2057 2479 2113 2530 cs.
2148 2479 2228 2532 11⁷,
2264 2482 2334 2521 16.
2455 2477 2499 2530 e)
2531 2478 2671 2518 Attho
2702 2479 2740 2519 Β
2777 2481 2827 2528 13

589 2539 705 2580 Acto
736 2541 776 2581 E
810 2542 859 2589 13
891 2540 1030 2579 Hatto
1060 2540 1103 2579 D
1137 2540 1178 2581 3.
1214 2539 1256 2579 G
1286 2539 1356 2580 5⁸.
1378 2549 1426 2590 ος
1456 2540 1580 2579 Hato
1609 2540 1652 2579 D
1685 2541 1742 2589 43
1774 2538 1875 2588 Ago
1905 2540 2018 2589 1323
2051 2537 2168 2579 Azio
2199 2539 2295 2581 ΟΙ.
2413 2536 2449 2588 f)
2480 2538 2558 2577 hoc
2585 2548 2681 2587 cap.
2715 2539 2829 2577 deest

587 2599 625 2639 F
657 2600 699 2638 4.
735 2597 801 2647 (ΕΙ-ς
831 2598 880 2637 in
913 2598 953 2639 G
986 2600 1010 2637 1
1042 2598 1135 2637 alia
1164 2607 1320 2637 manue
1348 2608 1506 2637 coaeva
1548 2599 1741 2638 notavit:
1787 2599 1877 2638 Hic
1909 2598 2038 2637 dee-t
2067 2603 2207 2648 caput
2235 2598 2293 2638 de
2322 2597 2526 2648 Aripert,
2571 2597 2689 2645 quod
2716 2597 2829 2635 duae

591 2658 708 2697 aliae
738 2658 1000 2706 repetierunt
1024 2667 1199 2706 pennae
1228 2657 1481 2696 acrcendac
1512 2667 1664 2700 cauca.
1784 2654 1831 2707 g)
1865 2658 1974 2696 aem
2004 2657 2043 2696 B
2079 2658 2119 2698 1.
2154 2657 2189 2698 Ο
2207 2652 2270 2697 ’1.
2390 2652 2439 2705 h)
2472 2656 2521 2694 in
2550 2655 2630 2693 hoc
2655 2656 2828 2694 nomine

588 2716 810 2755 scribendo
841 2716 1001 2755 codices
1019 2716 1140 2754 valde
1169 2715 1371 2754 variant.-
1400 2715 1643 2763 perctarit,
1673 2715 1896 2767 Perctari,
1927 2716 2171 2767 Berotai-it,
2202 2715 2405 2755 Bertarit
2434 2712 2477 2753 A
2496 2715 2546 2763 13
2575 2714 2827 2765 Bettharit,

586 2773 1042 2824 Pertarit,Perctarit
1068 2771 1109 2814 A
1127 2774 1175 2822 Ξῖ
1205 2773 1431 2824 Bel-thari,
1460 2773 1703 2825 Berctarit,
1734 2773 2060 2814 BertaridusA
2079 2775 2134 2823 33
2163 2774 2362 2826 Ber-tari,
2391 2773 2596 2813 Βοιωτία
2624 2773 2663 2812 Β
2698 2775 2741 2814 1.
2775 2773 2829 2823 23

588 2832 772 2872 Bel-tari
786 2832 824 2870 Ε
844 2832 893 2880 13
909 2831 1127 2887 Bertarit,
1140 2832 1369 2872 Bertcarit
1385 2830 1420 2871 Ο
1439 2832 1489 2881 1;
1519 2833 1737 2882 Bel-tarn,
1764 2833 1959 2882 plerique
1973 2832 2033 2884 D,
2047 2832 2424 2883 nonnumquamF
2443 2833 2485 2873 1.
2504 2830 2545 2871 G
2566 2832 2588 2871 1
2604 2831 2830 2884 3Pertari,

588 2900 915 2939 nonnumquam
944 2890 1142 2929 Pcrtarit
1172 2890 1209 2929 F
1239 2892 1289 2938 13
1320 2890 1521 2930 Pertarit
1544 2891 1741 2940 plerique
1774 2890 1828 2943 G,
1859 2902 2185 2942 nonnumquam
2216 2893 2276 2932 D.
2309 2892 2334 2930 1
2365 2892 2415 2940 13
2461 2890 2689 2931 Peretarit
2715 2900 2827 2930 non·

587 2959 823 2999 numquam
854 2949 896 2988 D
928 2953 966 2988 et
997 2947 1061 2997 G,
1094 2948 1351 2988 Perctarith
1382 2958 1491 2988 raro
1524 2948 1560 2990 Ο
1594 2951 1641 3000 1;
1671 2950 1854 2991 Pertari
1884 2950 1925 2989 A
1943 2947 2074 3000 ‘3.5;
2103 2950 2317 2990 Pet-thari
2346 2950 2390 2989 Η
2408 2952 2460 2999 1;
2488 2949 2828 2989 Bertariuslss.

588 3006 623 3059 i)
660 3007 924 3057 Gudeperto
954 3007 1033 3045 hoc
1061 3007 1152 3045 loco
1183 3007 1225 3046 A
1257 3008 1296 3045 1.
1329 3005 1364 3046 Ο
1395 3002 1458 3047 ’1.
1490 3008 1534 3047 1)
1569 3009 1611 3048 1.
1641 3007 1679 3047 F
1714 3009 1762 3057 13
1803 3020 1901 3047 mox
1933 3008 2181 3061 Godepert,
2212 3008 2500 3059 Godepertua
2530 3005 2573 3046 A
2606 3009 2653 3057 13
2686 3007 2825 3048 Gudi-

588 3070 693 3116 pert
721 3070 759 3104 et
790 3064 1039 3114 Gudcpert,
1064 3069 1217 3114 postea
1250 3064 1475 3114 Godipert
1503 3065 1545 3104 A
1579 3067 1629 3116 Ως
1662 3066 1910 3118 Godcpert,
1943 3067 2171 3118 Gocupert
2198 3072 2238 3108 et
2271 3068 2501 3117 Gudipert
2530 3066 2565 3107 Ο
2599 3062 2668 3115 ’1;
2703 3066 2828 3107 Gun-

588 3125 745 3175 dipert
772 3124 811 3163 E
847 3125 897 3173 13
933 3122 1172 3164 Gudebcrt
1198 3124 1263 3163 vel
1295 3122 1574 3165 Gudibertus
1605 3125 1630 3165 1
1664 3127 1717 3175 13
1749 3124 2017 3175 Gotipcrtus
2050 3128 2113 3166 vel
2144 3126 2429 3176 Godepertus
2460 3124 2566 3174 A83
2600 3123 2825 3174 Godipcrt

588 3184 653 3223 vel
685 3181 977 3232 Godepertus
1008 3182 1133 3222 etiam
1162 3181 1262 3223 A5.
1297 3182 1331 3223 Ο
1350 3184 1389 3223 1.
1424 3183 1484 3224 D.
1515 3184 1555 3223 E
1586 3185 1628 3226 1.
1663 3183 1726 3234 G;
1762 3183 2049 3226 Godebertus
2078 3186 2133 3228 B.
2163 3186 2206 3225 D
2225 3185 2265 3233 8,
2298 3190 2336 3225 et
2365 3193 2693 3233 nonnumquam
2721 3183 2823 3232 alii3

590 3241 871 3283 Godibertua
916 3241 959 3281 D
993 3242 1040 3291 23
1103 3240 1293 3282 Gotbert
1338 3246 1374 3281 ct
1423 3240 1699 3289 Gothbertus
1762 3253 2088 3293 nonnumquam
2130 3244 2174 3284 A
2205 3244 2245 3287 8.
2357 3270 2362 3275 -
2409 3240 2458 3293 k)
2488 3242 2666 3282 Ticini·
2711 3241 2749 3281 P
2782 3243 2822 3283 1.

587 3299 622 3351 1)
656 3300 789 3340 malis
819 3301 856 3340 F
891 3302 931 3343 1.
1067 3297 1131 3352 m)
1163 3301 1273 3340 deest
1301 3300 1339 3340 P
1373 3302 1414 3342 1.
1549 3294 1608 3354 n)‘
1630 3302 1869 3342 invaderet
1904 3302 1942 3342 P
1976 3303 2018 3342 1.
2159 3300 2205 3355 o)
2236 3303 2300 3341 ita
2330 3301 2374 3342 A
2405 3302 2446 3353 2,
2478 3306 2515 3341 ct
2543 3300 2670 3350 infra
2699 3299 2740 3338 A
2772 3301 2824 3350 13

589 3359 920 3400 Gariobaldum
950 3357 993 3398 A
1025 3359 1070 3409 ὃς
1104 3358 1391 3400 Garbaldum
1421 3356 1554 3410 A‘33
1588 3360 1888 3402 Gal-ibaldum
1918 3361 1997 3400 hoc
2024 3361 2116 3401 loco
2145 3359 2188 3400 A
2220 3363 2263 3403 1.
2293 3362 2331 3401 F
2364 3362 2402 3412 1,
2434 3359 2527 3402 alii.
2617 3356 2667 3409 p)
2699 3359 2824 3410 deest,

587 3423 635 3460 et
664 3429 838 3458 erasum
865 3419 904 3459 B
941 3420 980 3459 1.

590 3552 643 3613 1)
683 3549 898 3601 Fabula
953 3550 1081 3602 haec
1118 3549 1183 3599 ab
1238 3549 1334 3599 illa
1374 3550 1618 3615 fortasse
1653 3558 1785 3603 nata
1824 3558 1914 3613 est,
1954 3566 2092 3617 quae
2129 3556 2367 3601 auctores
2404 3548 2591 3599 habuit
2630 3545 2821 3602 (Heron.

585 3622 776 3674 Pasch.
817 3623 866 3686 I,
907 3623 1030 3686 614,
1087 3622 1370 3688 Theophyl.
1409 3621 1751 3674 Simocattam
1789 3631 1838 3674 et
1888 3623 2125 3674 abbatem
2160 3620 2544 3673 Biclariemem
2592 3620 2823 3687 ejusdem

588 3694 708 3746 aevi
744 3696 1039 3761 scriptores,
1079 3695 1154 3746 ad
1190 3711 1319 3760 quos
1359 3711 1384 3745 e
1422 3696 1570 3763 vulgi
1617 3712 1827 3748 rumore
1880 3704 2113 3748 venerat.
2191 3693 2444 3747 Gkosroes
2473 3710 2700 3760 namque
2736 3694 2819 3748 ΙῙ.

585 3767 671 3818 vel
706 3774 837 3829 arte,
894 3767 979 3818 vel
1012 3783 1205 3819 memor
1246 3768 1442 3832 accepti
1480 3766 1711 3835 beneficii
1749 3786 1785 3819 a
1821 3785 1864 3821 ε.
1903 3767 2089 3837 Sergio
2127 3776 2378 3834 martyre,
2415 3767 2503 3818 cui
2526 3784 2635 3833 pro
2671 3767 2823 3819 resti-

588 3837 787 3891 tutione
824 3854 930 3891 sua
952 3838 1011 3890 in
1064 3855 1285 3905 reqnum
1316 3848 1494 3891 votum
1516 3841 1745 3906 fecerat,
1804 3840 1930 3894 bene
1984 3858 2040 3893 se
2097 3841 2390 3893 animatum
2425 3840 2484 3890 in
2519 3838 2823 3907 reliqionem

587 3910 933 3964 christianam
971 3912 1227 3972 ostendit,-
1266 3918 1322 3962 at
1347 3928 1548 3965 errores
1573 3931 1696 3967 suos
1733 3912 1948 3967 minime
1985 3913 2267 3980 abjuravit,
2306 3921 2365 3963 ut
2390 3912 2593 3979 liquido
2619 3922 2823 3964 constat

589 4001 654 4037 em
709 3983 933 4051 epistola
969 4001 1013 4035 ε.
1073 3982 1316 4052 Greqorii
1359 4001 1555 4053 papae,
1587 3987 1660 4038 ad
1696 4004 1737 4041 ε.
1795 3987 2161 4040 Domitianum
2216 3985 2513 4052 episcopum
2549 3984 2823 4039 Melitinae

589 4075 625 4108 a
659 4058 900 4110 Baronio
939 4055 1164 4122 aliisque
1200 4057 1449 4125 alleqata.
1526 4057 1700 4111 Plura
1729 4060 1886 4112 etiam
1902 4059 2246 4126 fabulosiora
2279 4057 2488 4124 scripsit
2524 4059 2591 4111 dc
2628 4059 2729 4112 hac
2764 4076 2824 4112 re

587 4129 951 4200 Fredegarius
988 4130 1049 4181 in
1084 4147 1179 4182 suo
1217 4127 1472 4193 chronico,
1511 4148 1557 4183 c.
1596 4133 1648 4184 9.
1745 4131 1981 4186 Ceterum
2021 4130 2284 4196 C'hoeroes,
2338 4131 2460 4183 vivo
2498 4130 2675 4184 adhuc
2710 4131 2821 4183 He-

589 4203 753 4254 raclio
790 4204 1120 4269 imperatore,
1165 4204 1328 4271 jussu
1350 4201 1462 4269 filii
1518 4202 1738 4257 Sia-ocae
1792 4204 2001 4273 saqittis
2055 4206 2328 4272 confossus
2383 4204 2627 4257 occubuit
2682 4222 2824 4257 anno

593 4273 785 4325 Christi
822 4277 947 4339 62⁷,
984 4277 1064 4326 ita
1100 4283 1159 4328 ut
1196 4278 1323 4329 haec
1361 4276 1540 4327 omnia
1573 4295 1681 4329 non
1705 4294 1821 4329 cum
1857 4279 2074 4344 imperio
2116 4275 2429 4342 Constantis,
2466 4277 2561 4330 sed
2584 4278 2829 4330 Heraclii

573 4345 814 4412 fuissent
852 4346 1144 4415 alliganda.
1219 4351 1312 4400 131.
1464 4348 1521 4415 2)
1568 4349 1714 4419 Θήρ.
1754 4359 1801 4403 et
1840 4349 2029 4403 Chron.
2072 4350 2224 4403 Goth.
2263 4352 2358 4403 Ιιοε
2397 4351 2659 4404 omittunt.
