3042 4909
347 996 413 1053 ’μ
448 999 549 1043 158.

570 390 678 440 202
882 389 1103 441 PAULI
1142 388 1491 440 HISTORIA
1529 388 2204 441 LANGOBARDORUM.
2280 391 2423 442 LIB.
2462 392 2531 442 V.

571 564 1012 644 perpeteretur
1026 566 1073 638 ἃ,
1104 554 1466 619 Thomamb
1497 554 1837 619 diaconem
1871 577 2058 620 suum
2076 568 2119 639 ⁰,
2166 557 2520 642 sapientem
2564 555 2826 621 scilicet

568 650 631 706 et
685 639 1053 724 religiosum
1113 640 1351 721 virum,
1424 638 1509 702 ad
1582 661 1728 703 eum
1785 641 1960 705 misit
2020 662 2138 727 per
2181 663 2263 705 ue
2337 641 2528 705 eumd
2599 640 2814 705 eidem

564 722 789 788 Alabis
864 722 1375 788 benedictionem
1397 733 1414 767 ¹
1484 732 1745 787 sanctae
1823 745 1975 788 suae
2055 745 2168 788 ecc
2191 725 2361 789 esiae
2439 724 2812 790 transmisit.

564 807 945 872 Nuntiatum
974 816 1071 872 est
1099 805 1343 888 Alabis,
1388 805 1705 870 Thomam
1744 806 2081 872 diaconem
2109 816 2256 872 ante
2298 806 2467 872 fores
2511 807 2764 871 adstare
2779 820 2807 851 θ

564 891 1204 975 benedictionemque
1268 888 1350 954 ab
1424 891 1727 988 episcopo
1746 890 1768 931 f
1835 889 2136 956 detulisse
2153 902 2197 955 θ.
2306 891 2490 954 Tunc
2554 889 2812 972 Alabis,

567 977 697 1062 qui,
739 983 811 1038 ut
853 974 1153 1055 diximuS,
1199 979 1223 1004 ⁸¹
1242 994 1460 1037 omnes
1504 972 1810 1038 clericos&
1841 973 1988 1039 odio
2031 974 2329 1055 habebat,
2372 975 2463 1039 ita
2489 974 2698 1059 inquit
2725 975 2813 1039 ad

566 1080 743 1123 suos:
832 1059 947 1122 ‘Ite
965 1106 981 1139 ,
1041 1057 1232 1122 dicite
1275 1055 1394 1139 illi,
1441 1057 1495 1120 si
1537 1057 1778 1121 munda
1818 1056 2150 1122 femoralia
2187 1056 2401 1140 habet,
2445 1058 2665 1140 intret3
2711 1057 2815 1122 sin

564 1150 781 1207 autem
822 1140 1023 1223 aliter,
1065 1140 1219 1204 foris
1264 1142 1588 1204 contineat
1627 1139 1899 1227 pedem'.
1986 1140 2268 1206 Thomas
2310 1162 2463 1206 vero
2504 1162 2651 1204 cum
2691 1139 2811 1205 hos

566 1248 887 1290 sermones
931 1224 1231 1307 audisset,
1274 1224 1365 1288 ita
1413 1223 1775 1310 respondit:
1864 1224 2186 1290 ‘Nuntiate
2239 1224 2316 1306 ei,
2420 1225 2529 1288 uia
2570 1224 2812 1288 munda

564 1307 893 1374 femoralia
949 1307 1176 1390 habeo,
1239 1308 1478 1394 quippe
1540 1309 1650 1393 qui
1705 1310 1823 1373 eah
1887 1308 2078 1373 hodie
2119 1306 2251 1373 lota
2315 1307 2384 1371 in
2429 1319 2575 1373 utus
2633 1306 2812 1373 sum’.

568 1391 694 1457 Oui
735 1390 960 1456 Alabis
1004 1392 1126 1456 itai
1171 1393 1396 1456 iterato
1440 1390 1804 1456 mandavit:
1891 1392 2052 1477 ‘Ego
2096 1413 2226 1457 non
2268 1392 2413 1456 dico
2445 1391 2525 1456 de
2543 1392 2573 1433 ¹¹
2615 1390 2815 1456 femo-

566 1475 827 1557 ralibuS,
873 1475 986 1539 sed
1015 1475 1095 1540 de
1124 1474 1222 1539 his
1297 1497 1418 1540 uae
1446 1476 1619 1539 intra
1662 1474 1992 1540 femoralia
2035 1475 2352 1540 habentur
2369 1476 2420 1539 ¹².
2507 1473 2612 1538 Ad
2651 1474 2815 1540 haec

565 1559 846 1622 Thomas
875 1558 965 1623 ita
1005 1581 1239 1643 respon
1285 1569 1364 1624 it:
1408 1560 1545 1641 ‘Ite,
1589 1558 1781 1624 dicite
1823 1558 1948 1623 illi:
1992 1559 2173 1624 Deus
2216 1558 2388 1623 solus
2430 1568 2699 1644 potestm
2743 1559 2812 1623 in

565 1664 669 1706 me
712 1642 824 1705 in¹¹
868 1640 966 1705 his
1012 1643 1218 1705 causis
1261 1641 1818 1727 reprehensionem
1835 1655 1861 1686 ⁰
1905 1643 2222 1725 invenire3
2273 1665 2423 1706 nam
2466 1640 2570 1706 ille
2613 1640 2813 1707 nulla-

565 1736 750 1791 tenus
839 1723 1035 1789 otest'.
1139 1724 1430 1812 Cumque
1489 1725 1765 1790 eundem
1820 1727 2153 1791 diaconem
2196 1724 2421 1791 Alabis
2479 1725 2562 1789 ad
2605 1747 2673 1789 se
2716 1726 2813 1789 in-

564 1809 747 1897 gredi
815 1809 1106 1890 ecisset1'‚
1148 1821 1414 1895 aspereq
1459 1809 1614 1873 satis
1658 1818 1722 1874 et
1764 1810 2199 1896 obiurgandor
2252 1832 2398 1874 cum
2442 1830 2516 1874 eo
2558 1807 2811 1874 locutus

566 1902 680 1958 est.
786 1893 971 1956 Tunc
1039 1914 1260 1956 omnes
1328 1891 1590 1957 clericos
1657 1903 1721 1958 et
1784 1893 2145 1959 sacerdotes
2210 1916 2415 1992 pavor
2463 1902 2525 1958 et
2590 1893 2812 1957 odium

565 1978 824 2062 tyranni
839 1979 887 2018 ¹⁵*
931 1976 1192 2059 invasit,
1249 1976 1716 2041 aestimantium
1736 1988 1757 2019 ⁸
1820 1999 1888 2043 se
1932 1979 2069 2043 eius
2128 1977 2481 2042 fentatem‘
2539 1974 2811 2041 tolerare

569 2061 825 2126 omnino
867 2081 997 2124 non
1102 2082 1263 2125 osse.
1367 2059 1859 2147 Coeperuntque
1916 2070 2092 2127 tanto
2110 2073 2138 2104 ¹¹
2196 2059 2471 2147 amplius
2531 2057 2810 2123 Ouninc-

565 2155 822 2229 pertum
901 2144 1041 2208 desi
1087 2166 1299 2225 erare,
1394 2154 1632 2229 quanto
1715 2167 2129 2231 pervasorem
2198 2145 2381 2229 regni
2461 2144 2810 2229 superbum

567 2228 1001 2293 execrationi*
1056 2226 1384 2292 haberent.
1497 2227 1628 2292 Sed
1692 2249 1819 2292 non
1878 2228 2116 2293 diutius
2169 2227 2436 2293 feritasw
2494 2236 2559 2290 et
2612 2228 2812 2292 cruda

563 2310 892 2377 barbaries
982 2333 1280 2376 ervasum
1322 2332 1593 2396 regnum
1636 2313 1926 2397 optinuit.

732 2395 833 2460 39.
989 2395 1219 2482 enique
1285 2417 1436 2458 cum
1503 2393 1608 2459 die
1701 2395 1939 2460 uadam
1989 2393 2226 2460 solidos
2277 2418 2472 2480 super
2522 2415 2812 2459 mensam

562 2488 944 2561 numeraret,
988 2501 1153 2542 unus
1183 2478 1242 2543 ei
1269 2479 1632 2542 tremisses¹
1707 2501 1741 2543 e
1783 2479 2011 2544 eadem
2027 2491 2059 2533 Y
2088 2500 2311 2543 mensa
2339 2478 2586 2560 cecidit,
2618 2499 2813 2564 quem

561 2562 729 2628 filius
771 2560 1042 2626 Aidonis
1086 2561 1296 2626 adhuc
1339 2561 1645 2648 puerulus
1689 2561 1769 2626 de
1814 2572 1984 2627 terra
2027 2560 2350 2648 colligens,
2407 2561 2616 2626 eidem
2659 2558 2813 2624 Ala-

564 2645 663 2710 his
681 2658 705 2689 ²
750 2646 1044 2711 reddidit.
1131 2644 1238 2709 Ad
1281 2666 1472 2731 quem
1487 2656 1514 2687 ⁸
1560 2643 1815 2728 Alabis,
1869 2668 2131 2731 sperans
2229 2644 2521 2710 uerulum
2579 2666 2813 2730 parum

563 2728 1003 2812 intellegereb‚
1071 2727 1164 2792 ita
1219 2726 1468 2793 locutus
1524 2738 1648 2794 est:
1748 2729 2002 2794 ‘Multos
2060 2752 2145 2793 ex
2247 2730 2262 2744 ‘
2404 2728 2608 2793 enitor
2663 2736 2811 2792 tuus

561 2810 773 2894 habet,
820 2833 979 2897 quos
1000 2824 1024 2854 ⁰
1053 2811 1212 2874 mihi
1251 2813 1319 2875 in
1359 2812 1678 2898 proximo,
1725 2814 1779 2876 si
1818 2814 1999 2879 Deus
2027 2812 2317 2894 voluerit,
2414 2821 2634 2876 aturus
2676 2814 2809 2876 est'.

565 2895 696 2975 Qui
735 2917 899 2981 puer
950 2915 1097 2959 cum
1150 2916 1415 2980 vespere
1474 2895 1737 2959 domum
1794 2897 1880 2960 ad
1937 2906 2183 2982 patrem
2239 2917 2565 2981 regressus
2620 2904 2809 2978 esset,

563 3036 609 3090 a)
641 3038 950 3087 pet-potiretur
980 3036 1022 3076 A
1054 3038 1095 3078 2.
1127 3038 1170 3077 4.
1203 3037 1246 3079 5.
1276 3039 1313 3077 F
1349 3039 1388 3080 1.
1419 3034 1492 3088 ’2;
1525 3042 1847 3089 perpeteretur
1876 3040 1978 3082 As.
2013 3040 2055 3081 G
2088 3043 2227 3090 1-83
2257 3043 2549 3091 perpetretur
2579 3038 2678 3079 Aa.
2714 3040 2737 3078 1
2757 3040 2807 3089 23

562 3099 801 3146 pateretur
828 3097 884 3138 B.
920 3095 971 3136 C.
1004 3097 1062 3137 D.
1112 3097 1151 3137 E
1186 3098 1228 3137 1.
1274 3096 1311 3136 F
1342 3098 1386 3137 4.
1418 3096 1461 3138 5.
1511 3097 1553 3138 G
1583 3094 1648 3139 ⁶5.
1697 3098 1735 3138 L
1770 3101 1808 3138 1.
1956 3097 2004 3150 b)
2038 3100 2237 3140 Thomas
2268 3127 2279 3139 .
2302 3130 2344 3142 ..
2376 3110 2492 3141 corr.
2525 3099 2809 3139 Thomasum

562 3155 600 3195 F
634 3157 677 3196 1.
716 3174 760 3184 --
798 3158 954 3195 autem
984 3155 1086 3196 aad.
1122 3153 1163 3195 G
1196 3155 1328 3194 1-4.
1475 3154 1517 3207 c)
1553 3167 1635 3196 suo
1684 3156 1726 3197 G
1760 3158 1798 3197 3.
1832 3158 1876 3199 4.
2028 3156 2074 3210 d)
2107 3170 2152 3209 p.
2186 3169 2325 3208 quem
2358 3157 2467 3211 (que
2512 3158 2553 3198 A
2587 3155 2665 3208 12)
2700 3166 2808 3197 eum

563 3215 605 3255 A
638 3216 677 3254 1.
710 3214 752 3255 2.
785 3213 828 3254 4.
858 3214 896 3253 Β
934 3214 977 3253 2.
1010 3214 1048 3253 E
1068 3215 1090 3253 1
1122 3213 1241 3266 (poet
1271 3211 1390 3265 ἀει).
1423 3215 1462 3255 F
1482 3217 1535 3266 23
1567 3225 1744 3266 perque
1777 3226 1881 3256 eum
1913 3227 2018 3257 eum
2050 3217 2201 3258 eidem
2233 3217 2271 3257 A
2291 3218 2344 3267 ὃς
2373 3227 2459 3266 per
2489 3226 2626 3266 quem
2656 3216 2810 3256 eidem

568 3271 619 3314 Ο.
652 3272 710 3312 D.
740 3272 777 3312 F
812 3274 853 3312 1.
889 3271 945 3313 G.
975 3272 1033 3314 H.
1067 3273 1105 3314 1.
1138 3294 1192 3303 —
1224 3273 1350 3313 idem
1379 3273 1418 3314 B
1454 3275 1494 3314 2.
1588 3271 1633 3325 e)
1666 3274 1871 3316 adstaret
1904 3298 1956 3306 —
1989 3276 2230 3317 detulisset
2257 3277 2295 3316 F
2330 3277 2370 3316 1.
2406 3273 2448 3316 G
2482 3278 2520 3315 1.
2555 3276 2599 3314 2.
2691 3274 2729 3326 f>
2759 3274 2808 3316 b.

564 3340 704 3380 quam
737 3331 794 3370 ab
826 3341 899 3380 ep.
931 3335 1177 3381 acceperat
1207 3330 1256 3373 C.
1288 3331 1345 3373 D.
1379 3332 1403 3371 1
1438 3334 1477 3373 1.
1617 3330 1665 3384 g)
1698 3333 1848 3374 eleros
1879 3333 1920 3373 A
1955 3336 1994 3376 1.
2144 3332 2194 3385 h)
2228 3335 2337 3384 quia
2369 3344 2425 3374 ea
2455 3332 2498 3374 A
2528 3333 2570 3374 5.
2604 3333 2646 3373 6.
2679 3334 2717 3373 Β
2754 3334 2809 3383 2;

564 3390 675 3440 quia
703 3389 749 3432 h.
784 3389 834 3431 C.
867 3391 926 3430 D.
958 3391 1012 3430 Ε.
1045 3390 1097 3430 F.
1133 3389 1174 3431 G
1207 3391 1334 3431 1-4.
1368 3391 1425 3432 Η.
1460 3392 1507 3442 Ῑ;
1542 3402 1661 3441 quae
1695 3391 1736 3433 G
1768 3392 1809 3432 5.
1839 3394 1863 3432 1
1895 3394 1936 3432 2.
2074 3390 2109 3445 i)
2142 3394 2252 3433 decet
2281 3394 2335 3434 F.
2371 3392 2437 3442 G;
2468 3393 2532 3432 ite
2563 3393 2728 3432 iterato
2762 3395 2810 3433 et

564 3449 705 3489 dicite
735 3448 810 3489 illi
841 3449 949 3498 quia
981 3459 1067 3498 ego
1100 3449 1150 3502 0,
1196 3461 1309 3491 corr.
1356 3451 1595 3491 mandavit
1624 3451 1688 3491 ite
1720 3451 1856 3491 dicite
1897 3452 1969 3491 ini
1999 3452 2110 3501 quia
2140 3462 2225 3502 ego
2255 3452 2298 3491 D
2334 3452 2373 3503 1,
2421 3457 2458 3490 et
2487 3452 2549 3490 ita
2579 3451 2706 3490 ceteri
2735 3451 2808 3501 D3

563 3507 635 3549 Al.
683 3508 921 3557 respondit
965 3509 988 3547 1
1024 3509 1062 3548 1.
1098 3508 1149 3558 23
1197 3520 1235 3551 r.
1283 3509 1424 3549 dieite
1471 3510 1514 3548 ei
1564 3510 1674 3558 quia
1721 3520 1807 3558 ego
1852 3511 1876 3550 1
1910 3512 1950 3551 1.
1988 3511 2054 3550 lc.
2204 3508 2253 3561 k)
2280 3516 2382 3560 poet
2421 3510 2562 3559 suppl.
2611 3507 2651 3549 G
2685 3510 2725 3548 1.
2759 3509 2806 3550 2.

561 3565 597 3618 1)
630 3567 770 3607 habet
802 3565 843 3607 G
874 3567 955 3616 δεῖ
986 3571 1094 3607 sunt
1123 3567 1147 3606 1
1179 3570 1219 3608 1.
1342 3566 1404 3618 m)
1437 3572 1605 3617 potens
1639 3568 1738 3608 Gl.
1772 3570 1812 3608 2.
1934 3567 1984 3619 n)
2017 3569 2127 3608 deest
2157 3569 2194 3609 F
2213 3571 2253 3610 1.
2291 3569 2330 3609 G
2366 3569 2502 3619 1—43
2528 3571 2628 3618 post
2658 3568 2805 3617 suppl.

564 3626 620 3665 de
652 3626 689 3664 F
723 3627 763 3664 1.
798 3623 841 3665 G
872 3626 913 3676 2,
945 3631 982 3665 ee
1013 3626 1077 3665 ita
1107 3627 1143 3666 F
1176 3626 1221 3667 4.
1254 3626 1296 3667 G
1326 3626 1371 3668 5.
1525 3624 1571 3678 o)
1605 3627 1978 3677 reprehensionis
2010 3626 2052 3666 A
2085 3629 2129 3669 1.
2274 3626 2323 3679 p)
2353 3627 2515 3667 fuisset
2545 3628 2586 3666 A
2618 3626 2660 3666 2.
2693 3626 2731 3665 F
2765 3628 2807 3666 1.

563 3682 611 3735 q)
645 3693 811 3732 aspera
843 3682 878 3722 C
910 3680 971 3723 ·1.
1007 3685 1047 3725 1.
1167 3682 1206 3736 r)
1240 3685 1574 3734 obiurgandum
1608 3684 1649 3725 G
1684 3686 1822 3735 1-33
1854 3686 2143 3734 obiurganda
2171 3687 2195 3726 1
2214 3688 2252 3726 1.
2373 3682 2432 3736 ι’)
2466 3685 2675 3736 tyri-anni
2706 3684 2747 3724 A
2767 3687 2809 3727 1.

563 3739 605 3792 s)
637 3742 901 3780 estimantes
934 3740 975 3781 A
1008 3744 1047 3783 6.
1078 3742 1115 3781 F
1146 3739 1209 3783 ’2.
1246 3742 1287 3784 G
1320 3744 1389 3784 52.
1426 3744 1467 3782 Η
1501 3747 1541 3783 1.
1572 3745 1596 3783 1
1628 3745 1669 3786 2.
1703 3764 1755 3774 -
1805 3745 2139 3785 fraternitatem
2170 3748 2202 3784 t.
2237 3743 2278 3784 G
2308 3744 2377 3785 5ο.
2499 3744 2532 3796 t)
2560 3744 2805 3784 veritatem

561 3799 600 3838 F
635 3800 677 3837 1.
712 3799 752 3837 G
786 3800 827 3838 1.
963 3797 1012 3851 u)
1044 3801 1153 3839 deest
1186 3800 1220 3841 C
1255 3803 1294 3842 1.
1332 3803 1371 3844 2.
1403 3803 1445 3842 4.
1579 3800 1626 3853 v)
1660 3803 1955 3844 execratione
1996 3803 2046 3845 Ο.
2080 3804 2140 3845 1).
2172 3805 2210 3844 Ε
2249 3806 2288 3843 1.
2324 3802 2365 3844 G
2399 3804 2439 3844 2.
2471 3802 2510 3843 3.
2547 3823 2598 3832 —
2634 3801 2806 3842 habere

562 3857 605 3896 D
639 3856 681 3896 3.
716 3855 784 3905 G3
815 3856 1043 3897 habentur
1073 3858 1108 3898 C
1143 3861 1182 3899 1.
1303 3857 1363 3911 w)
1397 3861 1536 3900 fex-itu
1566 3860 1607 3899 A
1640 3860 1691 3911 33
1724 3859 1861 3901 ferita
1892 3862 1972 3902 sed
2006 3861 2046 3903 G
2080 3862 2208 3903 1-4.
2244 3881 2295 3892 -
2329 3861 2570 3901 barbarius
2605 3859 2808 3910 (332013

563 3916 784 3965 sequentia
840 3936 890 3946 -
937 3916 1112 3956 faceret
1159 3919 1280 3966 quod
1311 3918 1595 3968 Cuuincpert
1639 3917 1692 3971 (c.
1725 3917 1802 3970 41)
1847 3920 1935 3962 des.
1981 3921 2024 3960 D
2060 3922 2130 3972 la,
2165 3921 2296 3970 foliis
2342 3921 2508 3960 duobus
2553 3919 2802 3968 deperditis.

563 3971 612 4025 x)
644 3974 882 4014 tremissas
912 3973 954 4013 A
986 3972 1046 4016 ⁰3.
1081 3974 1122 4013 5.
1156 3975 1192 4018 0
1227 3977 1266 4019 1.
1297 3977 1340 4016 D
1377 3978 1416 4017 1.
1452 3979 1493 4017 2.
1528 3973 1620 4018 ⁸32.
1655 3978 1677 4017 1
1709 3979 1758 4027 13
1804 3980 2028 4020 tremissis
2059 3980 2102 4019 D
2136 3979 2178 4032 3,
2212 3980 2306 4020 alii.
2426 3976 2473 4030 y)
2505 3979 2618 4018 dem
2650 3976 2692 4017 G
2725 3978 2805 4027 8⁸3

564 4036 596 4072 t.
628 4033 732 4072 dem
763 4043 826 4072 m.
860 4032 895 4074 C
930 4035 971 4073 1.
1093 4031 1136 4085 z)
1171 4033 1246 4076 Al.
1279 4045 1318 4077 r.
1348 4034 1404 4076 A.
1439 4047 1482 4084 q.
1515 4036 1602 4076 des.
1638 4035 1672 4076 G
1708 4038 1748 4077 1.
1778 4036 1874 4077 F5.
1997 4036 2043 4090 a)
2075 4036 2240 4087 Adque
2272 4039 2313 4077 A
2347 4039 2386 4078 1.
2421 4037 2462 4078 2.
2494 4036 2531 4075 F
2565 4038 2609 4086 13
2648 4034 2803 4085 Atque

567 4089 608 4131 G
641 4092 770 4142 1-4,
801 4102 915 4131 corr.
946 4090 1019 4133 Ad
1050 4102 1187 4141 quem
1217 4093 1253 4132 F
1286 4094 1328 4134 4.
1479 4091 1529 4146 b)
1561 4094 1884 4144 intellegerent
1914 4097 1951 4135 F
1986 4098 2023 4135 1.
2162 4094 2204 4148 c)
2238 4096 2362 4146 quod
2393 4095 2433 4136 A
2467 4097 2508 4136 1.
2543 4096 2584 4137 2.
2616 4095 2651 4135 0
2690 4098 2729 4137 1.
2765 4096 2804 4134 2.

563 4150 606 4189 D
641 4151 682 4191 1.
725 4150 762 4189 F
798 4152 850 4199 ις
897 4151 1271 4201 multa...quod
1304 4151 1340 4192 Ο
1370 4148 1434 4193 ’1.
1468 4155 1520 4201 1;
1554 4153 1980 4203 multum...quod
2013 4154 2048 4196 C
2080 4155 2131 4204 23
2180 4154 2557 4204 multo...quod
2606 4152 2648 4193 G
2682 4156 2721 4194 1.
2760 4154 2802 4204 2,

566 4211 603 4246 et
648 4208 712 4247 ita
756 4208 803 4247 in
835 4209 1061 4260 archetypo
1080 4210 1226 4259 fuisse
1250 4211 1460 4260 putarim.
1785 4214 1794 4219 ’

570 4337 622 4400 1)
663 4334 787 4389 Sive
824 4338 1100 4405 calefiam,
1138 4341 1328 4394 scilicet
1356 4358 1560 4407 panem
1598 4339 1936 4394 benedictum.
2013 4344 2127 4394 ΒΕ.
