3042 4909
605 486 824 538 PAULI
863 486 1213 542 HISTORIA
1249 489 1922 544 LANGOBARDORUM·
1999 491 2141 544 LIB.
2181 491 2257 544 11.
2482 496 2556 547 97

480 654 578 720 16.
667 652 945 735 Quinta¹
1014 677 1168 721 vero
1232 657 1567 743 provincia
1616 657 1815 745 Alpes
1875 656 2166 724 Cottiae¹
2230 659 2550 745 dicuntur,

307 749 510 825 quae²
543 737 634 802 sic
664 759 704 803 a
735 736 949 804 Cottio
967 739 995 781 ¹²
1038 761 1209 826 rege,
1256 742 1366 827 qui
1396 740 1667 807 Neronis
1697 751 1985 828 tempore
2014 742 2149 824 fuit,
2194 764 2276 831 ap
2327 742 2551 811 ellatae

305 831 469 888 sunt.
555 821 739 887 Haec
795 844 836 887 a
889 821 1191 909 Liguria⁰
1232 825 1300 888 in
1356 825 1621 890 eorum‘¹
1662 837 1925 892 versus0
1976 847 2180 913 usque
2236 848 2276 892 a
2375 850 2552 894 mare

306 906 666 992 Tyrrenum
723 906 1121 990 extenditur,
1189 906 1272 973 ab
1328 909 1598 974 occiduo
1657 931 1809 975 vero
1877 907 2247 976 Gallorumr
2313 911 2548 977 finibus

308 988 664 1077 copulatur.
728 989 806 1055 In
828 988 949 1054 hac
977 991 1187 1078 Aquis
1207 1002 1256 1074 8,
1285 990 1397 1056 ubi
1428 1015 1635 1080 aquae
1666 992 1909 1059 calidae
1936 1004 2102 1077 sunt,
2144 994 2502 1060 Dertonam
2520 997 2549 1039 Β

307 1083 371 1139 et
411 1075 867 1140 monasterium
899 1072 1182 1139 Bobium
1201 1076 1238 1158 ¹,
1286 1074 1517 1142 Genua
1561 1098 1818 1165 quoque
1847 1086 1911 1142 et
1955 1076 2213 1143 Saonak
2260 1079 2547 1145 civitates

304 1156 638 1223 habentur.
728 1156 926 1224 Sexta
988 1158 1319 1244 provincia
1361 1160 1600 1226 Tuscia
1665 1171 1777 1243 est,
1846 1183 2010 1249 quae
2054 1183 2094 1225 a
2157 1172 2315 1246 ture,
2376 1163 2550 1250 quod

303 1240 579 1326 populus
607 1239 776 1306 illius
821 1242 1260 1328 superstitiose
1289 1244 1355 1308 in
1386 1244 1711 1310 sacrificiis
1740 1244 2003 1310 deorum
2035 1267 2294 1311 suorum
2336 1246 2552 1313 incen-

306 1324 454 1390 dere
486 1323 881 1406 solebant¹·³,
929 1325 1020 1390 sic
1064 1326 1435 1413 appellatam
1467 1339 1580 1394 est.
1647 1329 1828 1393 Haec
1873 1328 2067 1395 habet
2108 1329 2274 1394 intra
2315 1352 2383 1396 se
2431 1331 2549 1395 cir-

301 1408 473 1473 cium
489 1420 519 1451 ¹¹
562 1430 782 1475 versus
825 1407 1173 1492 Aureliam,
1216 1410 1298 1476 ab
1351 1412 1611 1478 orientis
1652 1434 1806 1479 vero
1848 1423 2096 1498 partem
2113 1423 2139 1457 ⁰
2192 1413 2548 1479 Umbriam.

301 1491 375 1557 In
422 1492 543 1557 hac
585 1493 920 1580 provincia
960 1493 1196 1576 Roma,
1286 1517 1406 1560 uae
1451 1495 1644 1561 olim⁴
1687 1497 1881 1562 totius
1933 1496 2157 1561 mundi
2202 1507 2398 1583 caput
2439 1494 2584 1564 ex-'

304 1575 465 1658 titit,
524 1586 621 1642 est
664 1577 1025 1642 constituta.
1115 1578 1188 1642 In
1297 1577 1506 1645 mbria
1546 1592 1751 1663 vero⁸,
1798 1592 1995 1667 quael)
2039 1581 2222 1647 istius
2253 1582 2321 1645 in
2364 1591 2547 1668 parte

349 1662 576 1743 onitur,
599 1661 940 1726 Perusium
956 1673 984 1716 ‘¹
1009 1670 1074 1727 et
1094 1661 1270 1727 lacus
1296 1662 1599 1730 Clitorius
1625 1662 2143 1751 Spoletiumquer
2167 1664 2544 1731 consistunt.

368 1742 627 1809 mbria⁸·
648 1754 670 1790 ⁰
727 1753 939 1811 autem
980 1745 1153 1812 dicta
1181 1756 1296 1830 est,
1331 1747 1505 1834 quod
1546 1745 1886 1813 imbribust
1917 1748 2317 1836 superfuerit,
2352 1760 2542 1814 cu1n¹¹

299 1849 543 1914 aquosa
587 1827 798 1894 clades
843 1828 993 1894 olim
1037 1830 1352 1917 populos*
1396 1832 1762 1901 devastaret.
1773 1844 1833 1896 W.

471 1911 570 1976 17.
659 1913 744 1978 Se
793 1912 949 1977 tima
972 1935 1231 2001 quoque
1259 1915 1592 2001 provincia
1614 1914 1971 2015 Campania
1989 1928 2018 1959 ¹
2042 1915 2125 1981 ab
2151 1915 2309 1982 urbe
2338 1917 2545 1982 Roma

298 2017 504 2095 usque
547 1996 631 2062 ad
662 1995 728 2062 Si
757 2018 826 2061 er
853 1997 1178 2064 Lucaniae
1219 1997 1486 2063 fluvium
1530 1998 1924 2087 producitur.
1990 2001 2069 2064 In
2113 2021 2241 2087 qua
2285 1999 2543 2087 opulen-

297 2079 579 2145 tissimae
641 2079 881 2147 urbes?
927 2080 1021 2147 Ca
1069 2104 1172 2166 ua,
1226 2081 1603 2169 Neapolim⁸
1670 2093 1735 2149 et
1797 2082 2100 2149 Salernus
2165 2084 2544 2149 constitutae

302 2174 468 2229 sunt.
567 2162 752 2245 Quae
770 2176 792 2211 Ἰ
821 2164 966 2231 ideo
1056 2167 1355 2253 ampania
1383 2166 1704 2253 appellata
1732 2176 1828 2232 est
1851 2175 2113 2253 propter
2154 2166 2544 2233 uberrimam

300 2323 348 2378 a)
381 2326 566 2368 cottidie
597 2326 639 2368 A
673 2329 712 2370 1.
742 2329 784 2369 D
820 2331 843 2369 1
878 2327 1046 2383 (corr).
1078 2329 1116 2369 F
1149 2331 1202 2380 13
1236 2329 1403 2370 cotidie
1434 2333 1647 2379 emuncta
1688 2329 1830 2368 littera
1862 2332 1881 2369 t
1911 2328 1953 2369 A
1985 2329 2036 2378 83
2070 2328 2201 2370 cotie
2233 2328 2274 2368 A
2298 2329 2351 2378 43
2385 2327 2542 2370 Coctie

300 2385 340 2425 Β
376 2387 425 2436 13
473 2385 665 2427 Cocciae
695 2388 734 2427 B
769 2389 840 2430 la.
874 2387 912 2427 L
945 2389 996 2438 13
1042 2387 1203 2448 Gotcie
1240 2389 1279 2428 B
1312 2387 1360 2438 83
1410 2386 1575 2428 Gotiae
1621 2386 1662 2429 G
1692 2388 1744 2436 ις
1791 2388 1989 2437 Quotiae
2021 2388 2056 2429 O
2092 2389 2142 2437 13
2191 2385 2376 2428 scotiae
2421 2386 2456 2429 G
2488 2389 2514 2428 8

298 2442 473 2485 Scottis
503 2444 544 2486 A
577 2441 645 2496 ‘83
688 2445 903 2487 scothiae
932 2445 973 2487 A
1007 2446 1059 2497 ὃς
1103 2445 1167 2488 Co
1208 2447 1257 2487 in
1286 2447 1467 2488 Cottiae
1509 2457 1531 2486 e
1561 2456 1673 2487 corr.
1710 2445 1750 2487 G
1784 2446 1825 2490 8.
1943 2443 1991 2498 b)
2025 2446 2154 2488 cotio
2187 2447 2225 2488 A
2258 2445 2300 2488 8.
2333 2446 2375 2487 4.
2409 2446 2452 2486 D
2483 2446 2543 2494 43

298 2503 337 2543 F
369 2504 410 2544 8.
446 2501 513 2554 ‘83
561 2503 729 2546 Coccio
760 2506 798 2546 Β
833 2506 879 2556 ²3
928 2504 1091 2546 Gothic
1122 2504 1164 2547 A
1195 2504 1245 2555 ὃς
1294 2505 1476 2547 Cotbtio
1507 2505 1550 2546 A
1582 2505 1633 2556 ὃς
1681 2503 1838 2546 Coctia
1869 2506 1907 2547 Β
1943 2506 1989 2556 13
2036 2504 2222 2547 Coctioo
2253 2504 2276 2544 1
2310 2507 2364 2557 13
2396 2503 2540 2546 Cotto

302 2562 338 2601 L
372 2563 422 2612 13
455 2561 607 2604 Cuttio
638 2564 675 2603 F
709 2565 758 2614 13
809 2564 946 2605 Gotio
981 2563 1022 2606 G
1053 2565 1103 2616 43
1152 2563 1309 2604 Scotio
1341 2564 1376 2606 C
1409 2564 1459 2614 83
1505 2561 1687 2605 Scotico
1719 2564 1757 2604 F
1790 2563 1829 2605 5.
1971 2561 2015 2615 c)
2044 2563 2286 2612 Ligurium
2316 2564 2358 2604 D
2397 2564 2448 2614 83
2481 2562 2542 2603 ad

297 2620 537 2671 Liguriam
567 2623 610 2662 D
644 2623 696 2673 83
743 2622 917 2672 Ligura
949 2621 984 2663 Ο
1015 2624 1064 2674 13
1109 2622 1301 2672 Liguria
1346 2622 1382 2665 C
1414 2620 1485 2672 ⁸13
1528 2623 1731 2673 Legoria
1760 2623 1803 2663 D
1838 2626 1878 2664 1.
2030 2619 2078 2674 d)
2111 2623 2174 2662 ica
2205 2622 2246 2663 A
2284 2623 2321 2664 1.
2357 2622 2398 2664 8.
2445 2622 2480 2664 C
2512 2621 2539 2663 5

297 2677 428 2732 (corr.
463 2680 682 2735 chorum).
713 2681 756 2721 D
790 2683 830 2723 1.
863 2682 902 2722 Ε
937 2683 976 2725 1.
1009 2682 1046 2720 F
1080 2682 1120 2724 1.
1156 2682 1197 2724 G
1231 2683 1271 2722 1.
1304 2681 1356 2732 ὃς
1400 2681 1589 2722 chorum
1621 2681 1661 2722 A
1693 2678 1754 2724 ’8.
1790 2681 1831 2723 G
1861 2682 1913 2731 43
1946 2691 2139 2731 quorum
2169 2682 2208 2721 B
2243 2682 2293 2731 83
2326 2691 2381 2722 eo
2414 2680 2455 2723 G
2487 2680 2540 2731 ὗς

299 2749 460 2779 eurum
491 2738 592 2781 Aa.
623 2740 666 2781 4.
702 2740 737 2781 G
759 2742 801 2781 1.
832 2741 875 2780 D
909 2740 950 2782 8.
984 2740 1025 2783 8.
1061 2739 1102 2782 G
1133 2742 1174 2791 8,
1206 2740 1287 2781 alii
1316 2741 1372 2792 (E
1408 2742 1447 2781 1.
1479 2741 1517 2780 F
1553 2743 1592 2783 1.
1627 2740 1712 2782 Gs
1745 2751 1766 2781 e
1796 2737 1957 2790 cort-,R
1989 2739 2046 2790 cf.
2078 2750 2221 2790 supra
2244 2751 2293 2790 p.
2326 2740 2378 2781 91
2412 2751 2460 2783 n.
2492 2739 2538 2781 b.

299 2794 343 2849 e)
378 2808 513 2847 versa
541 2799 579 2838 F
609 2799 652 2843 4.
685 2798 727 2840 G
758 2800 888 2840 1-4,
922 2799 1004 2850 5b3
1035 2809 1220 2841 versum
1254 2798 1295 2841 G
1325 2796 1387 2841 ’5.
1419 2800 1547 2842 ba.c.
1670 2797 1705 2851 s)
1741 2798 1996 2841 Galliarum
2039 2798 2080 2840 G
2109 2800 2151 2841 8.
2185 2799 2230 2839 4.
2351 2795 2399 2850 g)
2433 2798 2541 2839 urba

296 2866 513 2906 δίφυιον.
546 2857 588 2897 D
624 2859 665 2909 1,
697 2862 735 2897 et
764 2858 858 2898 ideo
890 2869 934 2900 u.
969 2858 1023 2900 A.
1055 2859 1098 2898 D
1130 2859 1171 2900 8.
1206 2860 1248 2901 8.
1372 2856 1421 2911 h)
1453 2857 1517 2898 ita
1548 2857 1589 2900 A
1624 2861 1664 2900 1.
1700 2854 1757 2898 ’8.
1795 2859 1820 2899 8
1853 2857 1986 2912 (corr.
2017 2855 2261 2910 Dertona).
2295 2858 2394 2900 ΒΞ.
2425 2857 2460 2900 G
2496 2856 2539 2899 5.

298 2915 340 2955 D
376 2917 417 2958 1.
453 2917 474 2956 t
508 2918 558 2967 13
588 2916 873 2958 Dertondam
907 2916 942 2958 C
975 2918 1023 2967 13
1055 2915 1333 2972 Dertou(a)e
1366 2916 1401 2959 G
1434 2918 1476 2959 8.
1508 2917 1547 2957 F
1578 2918 1618 2958 8.
1654 2917 1702 2969 ὃς
1733 2919 1942 2959 Dentona
1973 2917 2015 2957 D
2035 2918 2075 2958 8.
2095 2918 2146 2967 ὃς
2178 2917 2396 2959 Tei-dona
2429 2914 2541 2968 Οὓς

295 2975 501 3016 Vertoue
531 2975 570 3014 F
603 2976 643 3016 1.
682 2977 724 3017 4.
760 2975 801 3018 G
835 2977 874 3017 1.
910 2976 951 3017 8.
985 2977 1027 3017 4.
1062 2974 1124 3017 ’5.
1156 2976 1234 3027 5⁰3
1264 2976 1457 3019 Vin-tone
1487 2976 1587 3018 FB.
1708 2974 1742 3029 i)
1771 2977 1969 3019 Bovium
1999 2975 2037 3016 F
2059 2978 2096 3016 1.
2132 2974 2172 3018 G
2207 2976 2334 3017 1-4.
2368 2971 2430 3020 ’5.
2461 2974 2541 3025 503

296 3033 512 3073 Bolbium
544 3034 587 3073 D
622 3035 663 3074 8.
786 3032 836 3087 k)
870 3033 1028 3076 Soaua
1060 3033 1101 3076 G
1133 3036 1175 3077 8.
1209 3033 1276 3085 ’ὃς
1319 3033 1501 3077 sceaua
1535 3034 1575 3075 G
1606 3034 1734 3076 διο.
1857 3033 1893 3088 1)
1924 3035 1988 3074 ica
2017 3034 2112 3075 Pal.
2145 3034 2245 3077 Au.
2276 3034 2318 3075 A
2350 3035 2376 3074 8
2408 3032 2540 3085 (corr.

296 3089 505 3143 solebat).
548 3092 587 3131 F
619 3094 660 3134 8.
695 3092 737 3134 G
767 3094 809 3137 3.
842 3093 895 3144 ις
940 3093 1124 3135 solebat
1152 3095 1195 3134 D
1231 3097 1270 3136 1.
1300 3094 1339 3134 F
1373 3095 1412 3134 1.
1459 3093 1501 3134 G
1536 3095 1573 3146 1,
1620 3094 1713 3136 alii.
1851 3094 1914 3145 m)
1947 3094 2234 3145 appellatum
2279 3093 2374 3135 Pal.
2408 3092 2538 3143 Asag

296 3151 558 3201 appellatus
610 3162 722 3192 corr.
759 3173 812 3184 --
844 3155 893 3193 ta
924 3152 966 3193 G
999 3153 1039 3194 8.
1188 3153 1239 3199 ιι)
1274 3153 1447 3194 circum
1492 3152 1535 3193 A
1568 3151 1628 3194 ‘8.
1665 3153 1700 3194 C
1732 3154 1773 3195 8.
1808 3153 1850 3193 D
1884 3154 1922 3195 4.
1961 3153 1999 3193 B
2037 3155 2079 3194 1.
2109 3153 2147 3193 F
2180 3154 2222 3194 1.
2255 3152 2298 3193 5.
2333 3151 2375 3193 G
2406 3152 2538 3193 1-4.

298 3209 326 3250 6
376 3210 401 3250 1
433 3210 482 3260 ὃς
515 3210 659 3251 circui
691 3209 727 3252 O
756 3212 804 3261 ις
836 3211 891 3261 qf.
924 3221 1063 3261 supra
1087 3222 1135 3261 p.
1169 3211 1227 3253 54
1258 3222 1304 3252 n.
1339 3222 1384 3261 g.
1505 3209 1551 3262 o)
1585 3212 1649 3251 ιἰα
1679 3211 1773 3253 Pal.
1809 3211 1909 3251 Au.
1941 3210 2026 3252 A8
2061 3210 2191 3265 (corr.
2222 3208 2387 3263 parte).
2419 3210 2456 3250 F
2489 3212 2539 3259 ¹3

296 3272 427 3319 parte
457 3270 595 3311 ceteri.
717 3266 766 3322 p)
800 3271 879 3320 qui
913 3269 955 3311 G
986 3271 1040 3321 83
1071 3271 1182 3310 deese
1215 3270 1250 3312 Ο
1283 3266 1345 3312 ’1.
1381 3272 1422 3312 1.
1458 3271 1511 3321 85
1536 3275 1639 3320 pose
1669 3271 1811 3321 suppl.
1844 3271 1887 3310 D
1922 3271 1961 3310 1.
2084 3268 2131 3321 q)
2160 3270 2380 3311 Perusina
2411 3267 2454 3308 A
2486 3269 2539 3319 83

294 3328 537 3368 Perusiam
569 3338 682 3370 corr.
713 3329 956 3370 Perusium
990 3327 1030 3371 G
1063 3329 1111 3378 ὃς
1144 3329 1191 3369 n'n
1221 3328 1315 3370 Pal.
1349 3328 1448 3369 Au.
1481 3330 1563 3379 1092·
1592 3330 1763 3380 aequin
1801 3350 1852 3360 —
1885 3330 1934 3369 in
1966 3338 2059 3378 qua
2089 3328 2142 3369 P.
2177 3328 2212 3370 Ο
2245 3326 2309 3371 ’1.
2402 3325 2443 3380 r)
2474 3327 2539 3367 ita

297 3386 339 3427 A
373 3387 413 3428 8.
449 3387 498 3437 ὃς
559 3386 798 3439 spoletum
843 3387 884 3428 A
919 3387 978 3429 1⁶?
1025 3386 1075 3429 O.
1106 3388 1164 3440 D,
1226 3388 1326 3438 alin
1402 3385 1635 3438 spontum
1680 3388 1718 3429 F
1752 3389 1791 3429 1.
1841 3386 1883 3427 G
1917 3387 1957 3428 1.
1991 3387 2043 3437 83
2105 3385 2355 3438 Spoiebum
2403 3386 2440 3426 Γ
2474 3382 2537 3427 ’8.

297 3443 338 3496 s)
371 3446 545 3488 Umbra
558 3445 655 3485 Pal.
686 3446 838 3489 Amr
856 3449 894 3488 1.
1016 3443 1052 3499 t)
1085 3447 1132 3487 in
1164 3448 1340 3488 uiribus
1355 3447 1450 3487 Pal.
1480 3446 1580 3488 Asa.
1611 3446 1802 3501 (duabus
1816 3445 2006 3486 limisin
2034 3449 2041 3492 Ι
2067 3444 2274 3497 uiribus).
2291 3444 2345 3485 F.
2364 3443 2405 3486 G
2424 3444 2539 3483 1-4.

288 3515 380 3555 pro
396 3504 621 3546 imuribus
638 3506 667 3546 ι’.
686 3517 722 3545 e.
739 3506 960 3547 imvribus
975 3520 1034 3542 =
1050 3505 1301 3555 imbribus3
1331 3507 1368 3546 F
1388 3507 1410 3546 1
1432 3516 1548 3547 corr.
1565 3505 1640 3546 vei
1656 3505 1830 3546 umbris
1861 3514 2047 3554 semper
2062 3504 2116 3553 ἧς
2149 3503 2401 3543 umbribus.
2419 3501 2457 3542 F
2474 3497 2538 3544 ’8.

296 3560 346 3615 u)
379 3573 518 3613 quam
550 3574 663 3615 quos
709 3565 894 3606 aciadee
941 3563 1131 3619 (adades
1162 3565 1198 3605 F
1230 3565 1270 3606 8.
1304 3565 1347 3606 4.
1383 3563 1425 3605 G
1458 3565 1480 3604 1
1530 3575 1551 3604 e
1595 3574 1713 3607 corr.
1744 3564 1797 3614 43
1844 3563 2029 3604 adactos
2075 3562 2112 3602 F
2145 3559 2189 3613 8)
2223 3562 2260 3601 F
2291 3559 2426 3615 (corr.
2461 3564 2542 3601 aut

293 3622 418 3672 quod
449 3632 535 3663 aua
565 3623 697 3663 clade
726 3621 844 3675 Fi).
880 3622 921 3665 G
940 3625 1077 3674 1—43
1109 3624 1293 3674 quando
1325 3623 1477 3664 clades
1510 3621 1620 3672 Οὓς
1653 3633 1757 3663 cum
1788 3631 1934 3672 aquos
1966 3620 2125 3662 adalae
2155 3616 2271 3664 F‘8.
2380 3617 2427 3672 v)
2460 3629 2543 3669 po·

290 3681 432 3732 pulua
462 3682 499 3721 F
533 3682 574 3724 1.
611 3681 652 3723 G
684 3682 813 3724 1—4.
848 3678 909 3725 ’5.
1029 3680 1092 3735 w)
1124 3683 1174 3723 de
1203 3683 1378 3723 lectione
1405 3682 1497 3723 cod.
1532 3680 1570 3720 L
1605 3683 1626 3722 1
1660 3693 1699 3722 υ.
1743 3680 1900 3721 Archiv
1933 3679 2010 3732 IX,
2046 3690 2095 3730 p.
2130 3679 2230 3721 688.
2350 3675 2398 3730 x)
2428 3678 2539 3718 deest

292 3740 331 3780 Γ
367 3742 405 3781 1.
441 3739 482 3782 G
515 3740 648 3782 1—5.
684 3740 821 3794 (adest
849 3741 888 3781 F
920 3737 1011 3794 ’8);
1045 3741 1095 3783 C.
1144 3744 1214 3782 est
1259 3750 1377 3792 quae
1410 3740 1468 3781 ab
1500 3740 1543 3780 D
1578 3741 1619 3782 3.
1743 3737 1790 3792 y)
1824 3740 1933 3780 olem
1967 3738 2009 3780 G
2042 3740 2064 3779 1
2118 3737 2235 3794 (pose
2279 3735 2461 3790 rumh).
2495 3737 2538 3778 8.

294 3795 342 3851 ι)
368 3798 591 3850 Neapolis
625 3799 661 3842 0
692 3800 736 3841 1.
769 3801 806 3841 F
838 3797 899 3843 ’8.

296 3938 355 4008 1)
396 3938 665 3993 ‘Tertiam’
723 3939 852 3994 dicit
887 3939 1296 3994 Provinciarum
1353 3936 1665 4008 deecriptt‘o,
1738 3937 1984 3991 Tusciam
2040 3944 2304 4004 quartam,
2364 3943 2412 3989 et
2461 3935 2538 3987 sic

292 4013 555 4080 deinceps.
603 4013 812 4067 Paulus
868 4013 1108 4067 ordinem
1165 4014 1404 4068 turbasse
1460 4014 1685 4068 videtur.
1837 4010 1897 4080 2)
1938 4028 2078 4078 quae
2126 4038 2186 4049 -
2230 4008 2537 4078 appellatae

254 4091 418 4147 ,sunt
453 4087 660 4140 Paulus
699 4104 765 4140 ex
802 4085 1020 4140 Aurelio
1070 4088 1272 4140 Victore
1284 4106 1302 4149 ,·
1358 4105 1410 4141 v.
1439 4105 1502 4154 p.
1545 4089 1613 4140 98
1651 4105 1706 4140 π.
1746 4088 1797 4137 4.
1950 4086 2005 4149 3)
2049 4082 2129 4151 Cf.
2170 4082 2303 4137 Isia.
2345 4080 2446 4145 IX,
2489 4080 2541 4146 2,

295 4157 385 4210 86.
427 4167 475 4212 et
512 4159 670 4225 XIV,
709 4161 761 4225 4,
803 4162 901 4223 80,-
939 4160 1034 4214 sed
1069 4160 1232 4213 verba
1270 4161 1413 4228 quod
1447 4188 1505 4199 —
1537 4160 1783 4214 solebant
1818 4158 1983 4210 Pauli
2019 4165 2159 4209 sunt.
2309 4153 2370 4221 4)
2411 4153 2540 4207 olim

293 4230 502 4284 Paulus
523 4233 733 4300 scripsit
743 4251 849 4300 pro
888 4233 1199 4301 aliquando.
1315 4234 1368 4299 ὁ)
1407 4249 1534 4286 vero
1556 4262 1622 4271 —
1643 4233 1856 4300 ponitur
1874 4231 2096 4283 Paulus.
2221 4225 2279 4296 6)
2316 4228 2542 4281 Umbria

291 4331 368 4343 —
407 4306 712 4359 devastaret
748 4324 814 4359 ex
852 4305 987 4360 Isia.
1026 4306 1181 4372 XIV,
1220 4308 1271 4369 4,
1313 4306 1403 4357 21.
1565 4303 1621 4374 7)
1659 4307 1810 4369 Quae
1850 4331 1918 4342 -
1978 4303 2255 4372 planitiem
2293 4301 2363 4371 cs.
2404 4299 2542 4353 Isid-

292 4377 354 4429 Χ
364 4377 420 4442 V,
463 4380 513 4443 1,
555 4380 656 4442 54,·
695 4380 856 4433 verba
894 4381 1216 4434 uberrimam
1272 4378 1551 4447 planitiem
1612 4386 1659 4431 et
1717 4383 1951 4430 ceterum
2009 4403 2077 4417 -
2136 4381 2419 4429 montuosa
2459 4378 2543 4426 est

291 4449 460 4502 Pauli
496 4460 635 4506 eunt.
2008 4532 2037 4580 7
