3042 4909
527 429 749 481 PAULI
788 426 1137 479 HISTORIA
1176 425 1848 479 LANGOBARDORUM.
1924 427 2067 479 LIB.
2105 428 2184 480 ΙΙ.
2409 428 2478 478 91

228 598 462 684 coepit,
510 596 614 660 cui
656 594 1061 682 potissimum
1078 594 1417 743 gwrimama
1461 594 1941 680 provinciarum
1984 615 2179 681 quam
2224 602 2482 681 ceperat

229 681 630 748 committere
686 678 967 745 deberet.
1127 675 1413 764 iquidem
1480 678 1686 743 omnis
1751 678 1965 760 Italia,
2071 699 2192 742 uae
2257 700 2480 744 versus

232 764 571 830 meridiem
642 761 747 827 vel
817 761 1032 848 potius
1095 761 1163 825 in
1228 762 1482 826 eorumb
1562 761 1946 843 extenditur,
2012 700 2285 848 ‘ssyrreni
2343 763 2478 828 sive

234 848 554 915 Adriatici
596 846 792 911 maris
810 857 835 890 ⁰
877 843 1181 911 fluctibus
1223 843 1524 926 ambitur,
1566 846 1649 910 ab
1694 844 1963 910 occiduo
2007 867 2158 912 vero
2197 855 2262 911 et
2302 847 2481 933 aqui-

232 933 419 999 loned
449 931 620 1017 iugis
648 929 915 1017 Alpium
940 929 1033 995 ita
1073 927 1647 994 circumcluditur0·
1667 941 1711 1011 ¹,
1753 939 1825 995 ut
1860 930 1985 994 nisi
2011 953 2131 1019 per
2171 940 2481 1015 angustos

239 1028 485 1083 meatus
553 1026 617 1080 et
664 1036 782 1100 per
845 1035 1096 1078 summa
1157 1014 1311 1099 iuga
1374 1013 1687 1078 montium
1752 1014 1917 1078 nonf
1981 1015 2185 1101 possit
2241 1012 2478 1080 habere

234 1101 563 1166 introitum
579 1109 642 1180 83
702 1098 784 1163 ab
842 1095 1134 1162 orientali
1174 1117 1327 1162 vero
1370 1106 1551 1184 parte
1570 1098 1630 1179 ¹¹,
1692 1099 1848 1184 quai
1914 1098 2285 1163 Pannoniae
2331 1119 2479 1162 con-

234 1185 540 1270 iungitur,
585 1192 649 1248 et
674 1181 915 1267 largius
1005 1190 1284 1246 atentem
1312 1191 1376 1247 et
1402 1180 1844 1268 planissimum
1874 1180 2067 1248 habet
2094 1182 2477 1267 ingressum.

230 1268 457 1367 Igitur,
502 1275 573 1331 ut
616 1265 918 1348 diximus,
1007 1286 1118 1329 um
1145 1262 1387 1330 Alboin
1429 1265 1712 1329 animum
1755 1265 2129 1347 intenderet,
2176 1288 2365 1352 quem
2410 1266 2479 1329 in

231 1351 331 1415 lus
373 1350 529 1416 locis
573 1349 806 1415 ducem
850 1350 1234 1415 constituere
1278 1348 1559 1430 deberet,
1617 1348 1940 1414 Gisulfum
1959 1351 2006 1392 ¹¹·
2028 1362 2050 1395 ²
2133 1359 2205 1414 ut
2260 1349 2477 1431 fertur,

233 1456 425 1499 suum
454 1444 776 1521 nepotem,
805 1434 1017 1498 virum
1047 1454 1163 1519 per
1193 1433 1410 1498 omnia
1449 1431 1773 1515 idoneum,
1822 1434 1933 1519 qui
1975 1397 2217 1499 eidem¹
2248 1442 2480 1498 strator

231 1529 386 1601 erat,
432 1531 666 1605 quemm
694 1517 958 1603 lingua¹¹
1001 1539 1118 1605 pro
1166 1518 1262 1581 ria
1302 1515 1718 1603 ‘marpahis’⁰·
1735 1526 1759 1562 ³
1812 1516 2156 1605 appellant,
2213 1517 2481 1582 Foroiu-

231 1601 416 1668 lanae
460 1602 731 1668 civitati?
764 1612 827 1667 et
853 1610 1024 1667 totae
1040 1614 1070 1657 (ί
1112 1603 1134 1666 i
1184 1601 1279 1665 'us
1329 1601 1577 1687 regioni
1625 1600 1973 1687 praeficere
2023 1601 2264 1666 statuit.
2349 1600 2480 1683 Qui

236 1684 524 1752 Gisulfus
567 1707 698 1750 non
745 1686 924 1772 prius
969 1707 1036 1750 se
1099 1685 1389 1784 regimen
1447 1684 1736 1749 eiusdem
1803 1685 2077 1749 civitatis
2136 1693 2198 1750 et
2252 1706 2338 1770 po
2388 1682 2479 1748 uli

233 1781 724 1857 suscepturum?
768 1769 990 1852 edixit,
1034 1769 1160 1833 nisi
1189 1769 1249 1834 ei
1278 1774 1302 1799 ⁴
1323 1790 1481 1855 quas
1510 1769 1652 1856 ipse
1697 1767 1931 1855 eligere
1975 1767 2286 1835 voluisset
2370 1791 2479 1833 an-
2498 1794 2516 1815 ·

282 1852 672 1920 obardorum
735 1854 965 1935 faras⁸,
1024 1852 1146 1918 hoc
1210 1862 1307 1918 est
1369 1853 1813 1938 generationes
1870 1851 1977 1918 vel
2038 1852 2240 1918 lineas
2256 1861 2306 1935 ⁴,
2369 1853 2479 1918 tri-

277 1947 455 2003 ueret
472 1942 508 2005 ‘.
608 1939 1010 2023 Factumque
1056 1945 1184 2019 est,
1241 1945 1304 2001 et
1346 1946 1666 2002 annuente
1720 1935 1843 2001 sibi
1900 1959 2051 2023 rege
2097 1958 2257 2023 quas
2302 1936 2480 2002 obta-

228 2031 410 2088 verat
452 2020 1022 2107 Langobardorum
1065 2020 1448 2108 praecipuas
1490 2021 1823 2120 prosapias
1836 2033 1885 2104 ¹¹,
1915 2031 1986 2086 ut
2015 2042 2164 2086 cum
2195 2043 2270 2087 eo
2301 2020 2478 2087 habi·

231 2114 458 2187 tarent,
509 2106 779 2192 accepit.
870 2105 958 2170 Et
1002 2105 1093 2170 ita
1143 2104 1404 2169 demum
1444 2103 1772 2169 doetonsv
1814 2104 2120 2170 honorem
2161 2106 2479 2192 adeptusw

231 2199 346 2254 est.
429 2191 740 2275 Poposcit
783 2210 907 2275 quo
954 2211 1034 2254 ue
1078 2211 1119 2253 a
1160 2209 1314 2272 rege
1356 2209 1815 2274 generosarum
1872 2210 2181 2287 equarum
2224 2209 2475 2273 greges,

232 2283 296 2338 et
351 2274 417 2336 in
459 2274 582 2338 hoc
627 2295 884 2361 quoque
968 2271 1320 2338 iberalitate
1362 2272 1675 2359 principis
1719 2272 2056 2336 exaudltus
2099 2282 2195 2336 ost
2215 2280 2257 2334 ὅ.

233 2451 279 2504 a)
311 2454 462 2503 prima
490 2454 527 2493 F
561 2455 611 2504 13
658 2453 768 2492 deest
802 2452 837 2493 C
872 2455 912 2493 1.
946 2454 986 2495 2.
1114 2449 1163 2503 b)
1195 2452 1259 2491 ita
1300 2453 1377 2492 hoo
1416 2452 1508 2491 loco
1541 2450 1582 2491 A
1613 2452 1652 2493 8.
1686 2451 1721 2493 0
1756 2454 1796 2492 1.
1827 2451 1870 2491 D
1906 2453 1944 2494 1.
1974 2453 2013 2493 Ε
2047 2454 2089 2492 1.
2122 2453 2159 2491 F
2194 2454 2233 2493 1.
2269 2451 2311 2492 G
2343 2452 2473 2494 1-4.

231 2512 256 2551 1
290 2515 314 2551 1
346 2517 383 2552 et
412 2512 537 2562 infra
568 2523 602 2554 c.
640 2513 711 2553 16.
744 2512 870 2551 eciam
901 2511 1013 2562 A1;
1060 2521 1172 2551 eoro
1203 2511 1311 2559 1³83
1344 2521 1401 2551 eo
1434 2506 1555 2552 G'b.
1588 2510 1721 2559 bb.c;
1754 2510 1915 2552 eodem
1949 2510 1990 2550 G
2020 2510 2099 2562 δας
2134 2521 2292 2551 corum
2324 2509 2359 2550 O
2391 2511 2474 2560 4123

235 2570 423 2611 chorum
455 2570 490 2613 G
526 2571 551 2611 5
583 2575 620 2611 ee
651 2582 672 2611 e
702 2581 818 2613 corr.
849 2571 886 2609 F
920 2571 998 2621 1b3
1030 2570 1252 2612 etruriam
1286 2572 1324 2611 B
1359 2570 1403 2611 2.
1433 2570 1485 2619 33
1518 2579 1681 2609 eurum
1711 2567 1753 2608 A
1785 2571 1823 2609 1.
1859 2570 1898 2610 2.
1929 2570 1969 2608 4.
2001 2570 2036 2610 C
2069 2571 2109 2609 2.
2142 2571 2181 2611 8.
2215 2570 2258 2609 D
2279 2569 2319 2609 2.
2354 2568 2395 2608 8.
2431 2570 2475 2608 4.

232 2630 269 2669 F
302 2628 342 2669 5.
376 2630 421 2669 Η
450 2631 498 2670 1.
529 2629 553 2669 Ι
585 2630 636 2679 2;
682 2640 795 2670 euru
826 2629 868 2669 A
898 2625 970 2675 '23
1018 2639 1130 2670 euro
1162 2628 1204 2669 A
1237 2626 1299 2671 ’8.
1335 2631 1385 2680 ⁷3
1436 2629 1556 2668 eutri
1599 2628 1637 2668 Β
1671 2630 1725 2679 13
1772 2631 1952 2668 eun-nm
1997 2629 2035 2669 Α
2068 2625 2140 2679 ‘43
2187 2630 2237 2669 in
2281 2627 2476 2668 orientis

229 2688 441 2739 partibus
470 2687 571 2730 Ab.
605 2690 646 2729 Β.
769 2686 811 2741 c)
844 2689 955 2728 deest
984 2689 1023 2729 B
1044 2690 1086 2730 1.
1209 2686 1257 2740 d)
1292 2688 1349 2728 ab
1379 2698 1421 2730 a.
1439 2686 1480 2728 G
1512 2687 1554 2727 8.
1586 2688 1627 2730 4.
1752 2684 1798 2738 e)
1832 2687 2150 2727 circumcludit
2178 2689 2215 2727 F
2238 2688 2277 2727 1.
2312 2685 2412 2729 Gl.
2431 2686 2475 2728 8.

228 2746 266 2798 s)
295 2752 399 2796 post
427 2747 527 2789 add.
560 2748 598 2787 F
631 2748 671 2787 1.
795 2745 842 2798 g)
876 2748 1069 2788 introitu
1098 2749 1136 2788 F
1170 2749 1212 2789 1.
1333 2744 1383 2798 h)
1415 2747 1527 2787 dem
1557 2747 1596 2786 Β
1616 2747 1665 2796 13
1696 2746 1836 2796 plaga
1866 2745 1908 2785 A
1926 2748 1966 2786 2.
2001 2744 2042 2786 G
2072 2746 2150 2798 ⁶⁰³
2180 2749 2342 2796 quarte
2377 2744 2413 2786 Ο
2432 2747 2475 2787 1.

231 2804 268 2858 1)
302 2817 439 2856 quam
470 2807 508 2846 B
529 2808 583 2856 13
617 2817 710 2857 qua
742 2829 794 2838 —
826 2811 1062 2857 patentem
1092 2807 1157 2847 hic
1188 2807 1347 2847 omina
1370 2811 1472 2857 pose
1503 2806 1685 2855 regioni
1714 2806 1911 2845 inserunt
1943 2803 2042 2845 G8.
2075 2806 2118 2845 4.
2237 2803 2287 2857 k)
2322 2804 2477 2847 Gisul-

231 2865 374 2915 phum
405 2865 447 2905 A
478 2865 517 2905 2.
551 2867 591 2907 7.
623 2867 660 2905 F
696 2868 735 2907 1.
770 2865 811 2907 G
843 2866 885 2917 3,
914 2870 1064 2916 postea
1095 2866 1221 2906 etiam
1253 2865 1294 2907 G
1328 2867 1367 2918 1,
1398 2865 1499 2915 αῑιῖς
1534 2863 1766 2914 sigulfum
1797 2864 1863 2903 hic
1894 2867 1933 2903 et
1960 2863 2084 2913 infra
2116 2863 2151 2905 C
2183 2860 2245 2906 ⁶1.
2281 2864 2322 2906 2.
2353 2863 2396 2903 D
2433 2863 2477 2904 1.

233 2921 268 2973 1)
300 2925 423 2965 idem
457 2923 499 2965 G
531 2926 572 2965 1.
606 2924 657 2975 83
690 2935 779 2974 que
811 2924 935 2965 idem
964 2925 1001 2963 F
1027 2926 1074 2973 13
1105 2926 1136 2967 i.
1170 2925 1356 2975 quidem
1388 2923 1429 2966 G
1462 2926 1514 2975 43
1548 2935 1591 2973 q.
1623 2927 1734 2964 tunc
1764 2923 1955 2973 quidem
1987 2922 2028 2964 G
2060 2925 2100 2963 2.
2222 2921 2285 2974 ιιι)
2318 2921 2476 2974 qu(a)e

232 2983 270 3022 F
304 2984 347 3025 1.
378 2982 419 3023 G
451 2984 490 3025 1.
627 2981 677 3034 n)
711 2984 918 3032 linguam
964 2984 1198 3034 propriam
1228 2986 1266 3025 B
1302 2988 1343 3024 1.
1480 2979 1528 3033 o)
1561 2982 1762 3033 mai-pais
1806 2981 1848 3022 A
1878 2982 1921 3021 4.
1969 2982 2006 3020 1⁶*
2039 2983 2079 3022 1.
2132 2981 2174 3022 G
2199 2981 2241 3021 8.
2274 2982 2320 3022 4.
2351 2981 2388 3020 L
2422 2982 2475 3031 13

232 3041 442 3090 mapaliis
472 3042 514 3082 A
545 3039 607 3081 ·3.
642 3043 689 3091 ‘13
733 3042 967 3091 marpaisa
993 3041 1031 3081 L
1064 3043 1114 3092 13
1155 3042 1389 3091 marphais
1421 3042 1443 3082 1
1475 3042 1517 3082 2.
1551 3041 1604 3092 33
1649 3040 1900 3090 mai-{phale
1931 3051 2046 3082 corr.
2092 3039 2322 3090 mat-phala
2351 3040 2390 3079 Ε
2425 3040 2475 3090 13

234 3099 497 3149 mai-phanis
530 3099 568 3140 A
602 3101 642 3141 5.
678 3101 718 3140 6.
751 3100 796 3140 Η
827 3100 878 3150 83
923 3100 1170 3150 marphisis
1199 3100 1244 3140 Η
1275 3101 1323 3150 2;
1369 3100 1445 3141 vel
1476 3099 1730 3149 mar-phalis
1758 3099 1808 3139 in
1837 3110 1976 3149 mat-q.
2007 3099 2051 3139 D
2085 3101 2125 3150 1,
2166 3104 2203 3138 ee
2247 3100 2310 3138 ita
2350 3098 2478 3138 ceteri

234 3158 291 3200 D.
322 3159 367 3198 Η
398 3158 450 3208 5;
483 3159 712 3209 max-pacis
735 3157 834 3199 Gl.
870 3159 921 3209 23
951 3158 1179 3199 max-achis
1212 3155 1346 3210 0⁸53
1378 3158 1575 3198 marchis
1608 3157 1649 3197 G
1668 3158 1799 3199 ba.b.
1821 3168 1869 3207 ος
1900 3157 2212 3198 machedonus
2244 3158 2282 3197 Β
2303 3159 2344 3198 1.
2364 3158 2405 3197 2.
2425 3157 2476 3207 83

235 3216 543 3258 machedonas
573 3219 612 3258 Β
647 3220 718 3259 la.
839 3214 889 3268 p)
924 3218 1123 3258 civitatis
1154 3215 1197 3256 A
1228 3217 1268 3257 8.
1299 3218 1342 3257 4.
1376 3218 1414 3257 E
1450 3218 1489 3260 1.
1521 3217 1573 3256 F.
1609 3220 1651 3261 G
1684 3217 1811 3257 1—4.
1848 3216 1919 3257 bb.
1952 3216 1997 3256 Η
2029 3217 2070 3256 1.
2104 3216 2126 3256 1
2148 3216 2190 3256 8.
2311 3213 2359 3267 q)
2391 3216 2477 3256 toti

233 3273 277 3314 A
310 3276 349 3317 5.
378 3277 416 3316 Β
452 3277 522 3316 la.
559 3275 601 3317 G
633 3277 673 3317 2.
707 3276 748 3316 8.
782 3272 844 3317 ’5.
878 3275 1026 3327 ba.b;
1073 3278 1168 3316 tote
1212 3286 1326 3316 corr.
1372 3277 1459 3316 toti
1488 3275 1513 3315 Ι
1546 3275 1597 3325 8;
1640 3275 1753 3333 tot19
1785 3274 1827 3315 A
1859 3274 1909 3324 83
1951 3275 2111 3316 totilae
2144 3273 2186 3315 G
2217 3273 2285 3315 fic.
2322 3295 2373 3305 —
2409 3285 2478 3316 re·

235 3334 373 3383 gione
403 3334 440 3373 F
476 3336 512 3374 1.
632 3332 673 3385 r)
706 3338 1001 3384 suscepturus
1032 3333 1073 3375 A
1106 3335 1148 3375 7.
1184 3354 1237 3365 -
1278 3334 1437 3375 eduxit
1466 3333 1508 3373 A
1542 3334 1583 3375 2.
1615 3334 1653 3373 1?
1686 3335 1725 3374 1.
1848 3330 1888 3385 s)
1920 3334 2086 3383 pharas
2117 3335 2170 3375 F.
2205 3332 2247 3373 G
2285 3332 2479 3385 (praeter

238 3391 279 3431 G
311 3391 389 3443 50;
431 3402 568 3442 paras
599 3403 715 3434 corr.
760 3393 930 3443 pharas
964 3392 1005 3433 G
1036 3393 1098 3442 8).
1132 3393 1156 3432 1
1188 3393 1238 3442 83
1279 3393 1411 3433 {arax
1441 3392 1483 3433 A
1513 3392 1566 3442 Δις
1610 3393 1732 3432 faros
1770 3392 1809 3431 Β
1847 3393 1916 3431 la.
1950 3392 2001 3440 83
2045 3391 2173 3431 furas
2218 3391 2261 3430 D
2294 3389 2476 3432 ‘3—10.

233 3450 280 3490 Η
311 3451 363 3500 5ς
394 3449 519 3491 foras
550 3451 591 3491 A
623 3448 694 3502 ‘43
727 3451 849 3492 {eras
881 3450 923 3491 A
955 3451 996 3492 5.
1031 3451 1057 3491 6
1086 3449 1178 3503 (ubi
1207 3450 1251 3491 h.
1286 3463 1326 3493 e.
1358 3452 1538 3500 ἀωιιηις
1581 3460 1686 3499 gen.
1728 3449 1975 3490 bellicosas
2006 3460 2029 3488 ο
2058 3447 2217 3500 corr.);
2248 3449 2396 3498 ferax,
2426 3449 2476 3488 in

233 3519 371 3559 mar-9.
404 3510 505 3549 add.
537 3511 613 3550 vol
643 3510 768 3550 faras
799 3511 837 3549 Β
871 3511 911 3549 1.
1032 3510 1068 3561 t)
1100 3510 1158 3550 ad
1190 3510 1490 3550 habitandum
1516 3513 1618 3559 post
1648 3509 1750 3549 add.
1783 3508 1820 3546 F
1855 3510 1893 3550 1.
2012 3506 2060 3559 u)
2093 3507 2331 3557 prosapies
2360 3507 2398 3546 F
2432 3509 2476 3548 1.

236 3566 281 3607 G
312 3569 353 3608 1.
387 3567 429 3608 8.
549 3567 597 3620 v)
630 3569 693 3608 ita
724 3567 766 3609 A
801 3571 841 3610 1.
876 3570 916 3609 2.
949 3570 989 3610 Β
1022 3572 1062 3610 1.
1092 3569 1130 3608 F
1165 3571 1214 3617 ις
1247 3568 1447 3609 ductoris
1477 3568 1618 3609 ceteri.
1740 3564 1801 3617 w)
1835 3568 2045 3615 arreptus
2075 3564 2117 3605 A
2150 3567 2193 3606 2.

235 3733 284 3779 et
321 3725 584 3795 Raqoqna
620 3743 802 3779 versus
842 3742 1090 3778 cacumen
1136 3722 1356 3792 Alpium
1400 3723 1688 3787 Iuliarum,
1738 3730 1797 3773 ιιι
1853 3729 2079 3789 apparet
2118 3737 2144 3772 e
2211 3719 2472 3774 Venantio

233 3798 531 3851 Fortunato
569 3799 628 3850 i‘n
676 3798 797 3851 Vita
834 3797 892 3851 S.
932 3796 1176 3862 Martini,
1223 3796 1356 3864 ΟΡΡ.
1386 3796 1433 3859 I,
1460 3798 1588 3848 471.
1667 3793 2044 3864 Quadraginta
2080 3792 2311 3845 millibus
2340 3811 2482 3860 pas·

235 3888 393 3924 suum
432 3872 741 3924 Italicorum
776 3870 1003 3938 iuferius
1041 3888 1223 3924 versus
1276 3876 1514 3922 austrum
1553 3870 1657 3921 sita
1697 3876 1772 3922 est
1829 3870 1902 3921 ad
1941 3866 2250 3920 Natisonem
2287 3867 2474 3919 civitas

234 3945 516 4014 Forojulii,
552 3963 694 3997 ‘nunc
723 3943 960 3997 Oividale
998 3945 1085 3998 del
1108 3941 1303 4008 Primii,
1342 3942 1557 3996 Alboini
1593 3951 1817 4009 tempore
1842 3941 1975 3994 villa
2012 3941 2253 4004 obscura,
2283 3947 2477 4006 postea

235 4025 412 4071 castro
449 4017 678 4070 Juliemi
700 4018 820 4085 jam
857 4018 1033 4070 diruto
1072 4034 1303 4070 crescens
1325 4023 1373 4069 et
1409 4017 1637 4069 ducatus
1665 4024 1823 4082 caput
1847 4016 2081 4082 sactum.
2142 4013 2479 4065 Contu-ariam

238 4108 363 4145 vero
401 4092 712 4144 sententiam
748 4091 952 4144 incolae
988 4092 1145 4160 hujus
1183 4088 1410 4143 civitatis
1449 4090 1757 4153 defendunt,
1810 4087 1870 4140 in
1909 4105 1975 4140 ea
2026 4085 2283 4139 coloniam
2321 4085 2478 4136 sitam

224 4166 409 4233 fuisse
447 4165 831 4217 contendentes.
905 4165 1019 4218 BE.
1172 4163 1228 4230 1)
1270 4161 1349 4229 Qt‘.
1391 4161 1527 4215 leid.
1567 4162 1738 4230 Etym.
1777 4161 1935 4225 XIV,
1975 4162 2026 4223 4,
2069 4160 2155 4211 18.
2283 4156 2341 4224 2)
2391 4157 2479 4209 Vi·

241 4239 400 4291 detur
422 4238 599 4304 potius
624 4236 805 4302 fuisse
827 4236 1132 4303 θναειιζῇιε,
1156 4244 1313 4304 pater
1353 4237 1561 4303 Gisuffi.
1619 4234 1697 4301 (ΣΥ.
1727 4235 1932 4286 Murat.
1963 4234 2100 4285 Anu.
2122 4250 2174 4285 a.
2201 4234 2325 4283 590.
2364 4231 2477 4284 BE.

245 4313 303 4375 3)
347 4310 427 4377 Cf
485 4313 644 4380 yloss.
686 4311 860 4378 Lanq.
898 4309 1015 4361 LL.
1057 4309 1098 4360 I
1104 4310 1159 4370 V,
1211 4328 1269 4376 Ρ.
1312 4310 1450 4371 655‚·
1510 4308 1727 4372 dem,
1790 4307 1855 4359 G.
1888 4308 1944 4359 d.
1985 4306 2057 4358 D.
2096 4304 2220 4372 Spr.
2250 4322 2312 4371 Ρ.
2354 4304 2478 4356 692.

242 4381 303 4450 4)
348 4383 426 4450 ίΥ.
460 4385 619 4452 gloss.
655 4383 834 4452 Lanq.
889 4383 925 4435 l.
964 4383 1000 4437 l.
1033 4401 1093 4449 Ρ.
1137 4383 1270 4443 653,·
1321 4382 1392 4434 D.
1444 4382 1501 4435 V.
1546 4382 1610 4433 G.
1651 4381 1697 4445 I,
1726 4397 1789 4446 Ρ.
1833 4382 1919 4431 77.
2069 4377 2127 4446 ὃ)
2165 4378 2316 4429 Haec
2352 4376 2479 4429 inde

2564 1829 2576 1843 .
2610 1799 2683 1843 ⁵18.
