3042 4909
0 1645 9 1653 ¹
0 1228 17 1573 —u-wt-Q
0 1136 19 1159 *t

617 431 839 483 PAULI
876 431 1224 484 HISTORIA
1261 430 1936 486 LANGOBARDORUM.
2013 434 2156 487 LIB.
2196 437 2290 489 IV.
2483 439 2582 489 151

390 598 459 663 ui
532 598 706 664 circa
792 619 903 664 ora
919 609 946 640 ¹²
1014 599 1208 663 maris
1287 607 1468 663 erant
1556 600 1760 685 pestis
1842 602 2220 686 gravissima
2293 604 2585 671 vastavit.

395 683 654 780 equenti
683 704 941 769 quoque
969 703 1135 747 anno
1159 680 1511 748 mortalitas
1539 681 1753 748 valida
1774 683 2088 770 populos»
2117 686 2585 753 Veronensium

338 767 601 832 attrivit.

511 850 608 914 15.
696 849 879 914 Tunc
897 860 923 893 ⁰
965 849 1157 914 etiam
1200 850 1456 934 signum
1495 851 1920 936 sanguineum
1961 853 2030 916 in
2061 851 2343 918 eaelumd
2385 875 2582 941 appa-
2601 874 2697 930 (ιε)

336 932 542 998 ruisse
592 932 804 998 visum
862 943 960 997 est
1024 941 1087 998 et
1139 934 1321 1019 quasi
1374 933 1632 999 hastae⁰
1699 935 2089 1020 sanguineae
2154 946 2218 1002 et
2279 935 2396 1002 lux
2458 935 2583 1003 cla-

333 1017 591 1081 rissima
629 1038 747 1103 per
787 1025 988 1081 totam
1029 1026 1285 1081 noctem
1304 1029 1346 1081 1.
1432 1015 1921 1104 Theudepertus
1939 1018 1961 1062 f
2024 1042 2144 1086 rex
2183 1021 2583 1087 Francorum

335 1121 415 1165 eo
444 1109 731 1186 tempore
769 1122 916 1165 cum
956 1098 1326 1165 Clotharioss
1378 1098 1669 1199 patruele
1711 1122 1828 1167 suo
1867 1101 2106 1168 bellum
2150 1127 2399 1191 gerens,
2444 1106 2584 1171 eius
2602 1118 2703 1160 ⁶0⁰-

341 1184 702 1249 exercitum
742 1183 1152 1250 vehementer
1191 1182 1460 1249 adflimt.

516 1268 607 1332 16.
697 1266 1006 1353 Sequenti
1054 1289 1222 1333 anno
1272 1265 1562 1332 Ariulfus
1612 1267 1749 1332 dux
1763 1270 1810 1351 ¹¹,
1863 1270 1976 1368 qui
2003 1270 2358 1337 Farualdoi
2423 1295 2462 1336 a
2509 1282 2696 1340 ut(1⁷>

333 1350 741 1437 Spoletiumk
771 1360 1167 1418 successerat
1185 1362 1229 1433 ²,
1272 1353 1560 1416 moritur.
1644 1352 1774 1417 Hic
1801 1352 2120 1418 Anulfus¹
2163 1377 2311 1420 cum
2353 1354 2436 1421 be
2483 1368 2581 1420 οΙΙΙ

330 1443 557 1499 contra
583 1435 907 1500 Romanos
929 1437 998 1499 in
1021 1435 1362 1501 Camerino
1391 1435 1695 1521 gessisset
1714 1437 2219 1524 victoriamque¹¹
2248 1447 2581 1524 patrasset,

329 1519 656 1605 requirere
708 1541 748 1583 a
790 1521 921 1584 suis
964 1518 1332 1584 hominibus
1375 1520 1608 1605 coepit,
1655 1520 1799 1606 quis
1840 1521 1942 1586 vir
1982 1519 2087 1587 ille
2129 1522 2340 1604 fuerit,
2387 1544 2580 1609 quem

327 1602 468 1687 ipse
524 1603 594 1667 in
654 1601 762 1668 illo
816 1601 982 1668 bello
1048 1601 1261 1690 quod⁰
1320 1612 1607 1688 gesserat
1666 1613 1798 1667 tam
1866 1613 2122 1671 strenue
2184 1628 2228 1692 p
2366 1615 2580 1672 antem

325 1685 611 1752 vidisset.
700 1685 825 1752 Oui
870 1708 1018 1751 cum
1062 1687 1161 1751 sui
1202 1687 1324 1751 viri
1364 1686 1889 1773 responderentl‘,
1944 1710 2012 1754 se
2054 1688 2146 1754 ibi
2186 1713 2229 1754 n
2319 1711 2429 1754 um
2470 1689 2580 1754 ali-

374 1791 523 1835 uem
567 1770 793 1835 fortius
833 1770 1173 1835 facientem
1215 1792 1410 1856 quam
1450 1772 1668 1857 ipsum
1710 1771 1941 1838 ducem
1969 1773 2208 1838 vidisse
2223 1786 2272 1855 q,
2314 1771 2421 1838 ille
2463 1774 2579 1839 ait:

325 1859 343 1892 ‘
409 1863 538 1919 erte
582 1852 852 1921 multum
881 1862 944 1923 et
984 1876 1100 1940 per
1154 1855 1368 1920 omnia
1419 1877 1524 1920 me
1581 1853 1911 1920 meliorem
1976 1854 2072 1920 ibi
2085 1869 2109 1899 r
2166 1856 2361 1922 alium
2419 1857 2577 1940 vidi,

371 1937 469 2020 ui,
527 1939 859 2024 quotiens⁸
915 1960 1018 2003 me
1060 1937 1367 2003 adversae
1409 1940 1610 2024 partis
1666 1938 1935 2026 aliquis⁸
1977 1949 2310 2026 percutere
2353 1939 2576 2024 voluit,

335 2021 350 2036 ’
400 2044 435 2086 e
476 2022 577 2087 vir
605 2032 902 2088 strenuus
946 2044 1049 2087 me
1079 2043 1332 2108 semper
1358 2043 1476 2087 suo
1507 2020 1780 2123 clyppeo
1801 2035 1829 2066 ¹¹
1873 2025 2191 2108 protexit'.
2280 2024 2577 2124 Cumque

322 2105 465 2170 dux
505 2105 646 2191 ipse
688 2127 891 2205 prope
921 2104 1297 2204 Spoletium,
1341 2105 1456 2171 ubi
1496 2104 1763 2171 basilica
1805 2106 1978 2172 beati
2006 2108 2308 2193 martyris
2354 2107 2578 2173 Samni

324 2211 362 2253 e
412 2189 614 2288 iscopi
657 2201 779 2256 sita
822 2199 937 2271 est,
981 2211 1049 2253 1n
1092 2211 1221 2288 qua
1265 2188 1555 2254 eiusdem
1596 2189 1960 2256 venerabile
2005 2213 2239 2277 corpus
2282 2191 2574 2277 quiescit,

324 2293 367 2336 a
411 2282 706 2356 vemsset,
750 2274 1185 2359 interrogavit,
1230 2273 1414 2337 cuius
1460 2272 1620 2338 haec
1661 2283 1828 2338 tam*
1871 2273 2088 2359 ampla
2128 2274 2359 2340 domus
2387 2284 2573 2340 esset.

326 2354 730 2442 Responsum
787 2365 883 2424 est
938 2359 999 2422 ei
1052 2378 1092 2420 a
1145 2357 1300 2423 viris
1344 2354 1662 2439 fidelibus,
1711 2357 2026 2421 Savinum
2083 2357 2177 2424 ibi
2226 2365 2574 2444 martyrem

321 2441 720 2526 requiescere
730 2455 792 2524 W,
858 2463 1051 2527 quem
1109 2439 1463 2522 christiani,
1531 2440 1826 2527 quotiens
1878 2443 1948 2505 in
2001 2439 2243 2508 bellum
2260 2454 2292 2485 ¹
2353 2450 2575 2507 contra

323 2523 538 2589 hostes
595 2525 791 2607 irent,
847 2524 1105 2590 solitum
1156 2523 1466 2590 haberent
1520 2525 1590 2589 in
1631 2546 1821 2589 suum
1882 2524 2195 2589 auxilium
2249 2525 2569 2590 invocare.

323 2606 608 2672 Ariulfus
660 2630 831 2690 ver0,
888 2630 1036 2674 cum
1095 2607 1305 2674 adhuc
1362 2617 1531 2673 esset
1583 2606 1856 2693 gentilis,
1912 2609 2002 2675 ita
2051 2607 2412 2696 respondit:
2466 2608 2572 2674 ‘Et

324 2699 538 2777 potest
579 2691 738 2774 fieri,
782 2702 855 2757 ut
894 2692 1084 2758 homo
1113 2703 1403 2758 mortuus
1445 2691 1738 2779 aliquot?
1778 2693 2022 2757 viventi
2050 2691 2362 2757 auxilium
2436 2715 2571 2758 rae-

326 2783 452 2840 stet
461 2774 510 2838 ‘?'
598 2776 728 2858 Qui
780 2798 926 2840 cum
970 2776 1092 2841 hoc
1121 2775 1409 2859 dixisset,
1472 2798 1638 2863 equo
1684 2775 1999 2842 dissiliens
2017 2788 2040 2819 2
2082 2775 2353 2842 eandem
2449 2777 2569 2842 asi-

318 3000 369 3054 a)
403 3012 530 3043 oram
561 3001 603 3042 A
634 3002 687 3052 53
719 3003 880 3044 horam
910 3001 952 3042 A
984 3002 1026 3045 6.
1058 3003 1096 3043 B
1133 3004 1202 3042 la.
1235 3004 1272 3042 F
1304 2999 1369 3047 ’2.
1404 3002 1446 3046 G
1475 3004 1520 3048 4.
1553 3003 1637 3054 δας
1669 3014 1773 3044 oras
1803 3003 1841 3043 Ρ
1874 3003 1928 3053 53
1959 3006 2034 3044 eta
2063 3004 2102 3043 Ε
2122 3005 2164 3044 1.
2284 3002 2333 3056 b)
2365 3003 2567 3054 populus

325 3061 361 3101 O
395 3060 456 3105 ·1.
490 3063 532 3102 D
565 3064 604 3104 1.
636 3062 675 3101 Ε
711 3064 750 3102 1.
781 3063 819 3102 F
853 3064 892 3103 1.
928 3061 969 3103 G
1001 3061 1053 3112 83
1084 3061 1307 3111 populum
1338 3062 1380 3102 A
1413 3063 1457 3108 ὃ.
1491 3063 1533 3103 6.
1563 3062 1606 3102 D
1642 3064 1682 3105 Ξ.
1717 3061 1759 3103 G
1785 3064 1829 3105 4.
1860 3063 1884 3103 1
1914 3064 1965 3111 25
1995 3062 2181 3112 populis
2210 3062 2247 3101 F
2279 3062 2319 3106 6.
2356 3083 2406 3093 -—
2441 3063 2567 3103 attri-

320 3120 423 3161 buit
450 3121 487 3160 r
522 3122 561 3160 1.
683 3119 725 3171 e)
761 3122 880 3161 'rum
913 3119 1012 3163 Gi.
1131 3118 1178 3172 d)
1210 3121 1274 3161 aa
1307 3119 1502 3163 A1.‘2.
1535 3122 1573 3162 Β
1600 3124 1668 3163 ια.
1705 3122 1746 3162 2.
1779 3118 1896 3162 0‘1.
1930 3123 1971 3161 1.
2002 3117 2565 3171 D.1·*1.·2.G1.3.43

324 3179 457 3220 caelo
503 3178 545 3219 A
578 3179 620 3220 2.
653 3179 696 3222 5.
728 3180 769 3220 6.
804 3179 845 3221 G
877 3180 918 3231 8,
964 3179 1059 3220 alii.
1094 3200 1147 3210 —
1194 3180 1485 3229 apparuisset
1514 3180 1553 3220 Γ
1587 3182 1628 3221 1.
1763 3177 1807 3231 e)
1841 3179 1972 3222 harte
2016 3179 2060 3220 A
2091 3180 2142 3230 ὃς
2188 3180 2246 3220 ab
2278 3180 2408 3242 haste
2437 3180 2480 3220 D
2516 3182 2566 3229 ις

320 3238 382 3278 ab
413 3237 544 3280 haste
573 3238 728 3292 (hasta
761 3236 803 3290 2)
836 3238 1096 3287 sanguinea
1127 3236 1162 3278 Ο
1196 3239 1235 3278 1.
1270 3240 1319 3288 23
1367 3242 1466 3279 aste
1498 3239 1757 3287 sanguinea
1786 3239 1824 3279 B
1861 3239 1911 3288 23
1958 3238 2093 3279 hasta
2122 3239 2382 3287 sanguinea
2410 3240 2450 3280 B
2485 3240 2564 3288 1⁸3

322 3297 456 3338 hoste
486 3307 602 3339 corr.
621 3297 752 3339 haste
783 3297 825 3338 G
843 3300 890 3347 ις
921 3296 1078 3339 hostes
1110 3297 1355 3346 sanguinei
1384 3307 1468 3347 per
1483 3300 1516 3339 t.
1539 3308 1585 3339 n.
1617 3296 1892 3338 dimicantes
1923 3296 2143 3347 Aeneam.
2232 3294 2270 3347 f)
2302 3298 2448 3348 Teop.
2466 3297 2504 3336 F
2523 3299 2562 3339 1.

327 3352 375 3406 g)
409 3354 644 3397 chlotario
677 3357 713 3396 F
747 3358 787 3400 1.
820 3355 861 3397 G
896 3358 937 3398 1.
969 3356 1024 3408 43
1055 3355 1300 3396 methas-io
1333 3354 1444 3406 G23
1475 3355 1697 3396 Lothario
1729 3351 1847 3397 0‘1.
1884 3356 1923 3397 1.
1955 3355 2058 3396 Dl.
2179 3352 2229 3406 h)
2262 3355 2355 3396 dux
2391 3377 2444 3387 —
2474 3355 2565 3396 Hie

320 3414 410 3456 dee.
442 3414 480 3454 Β
517 3416 589 3455 la.
626 3416 666 3456 2.
702 3415 743 3457 8.
881 3413 916 3466 i)
950 3414 1183 3455 Faroaldo
1218 3412 1254 3454 C
1288 3416 1328 3455 1.
1362 3415 1418 3457 D.
1447 3414 1500 3455 F.
1538 3413 1593 3462 G,
1623 3414 1716 3454 alii.
1850 3412 1900 3464 k)
1933 3412 2186 3463 spolitium
2214 3414 2253 3452 F
2286 3415 2325 3455 1.
2360 3413 2403 3455 G
2435 3416 2478 3457 1.
2508 3414 2565 3464 43

321 3471 564 3523 spoletum
596 3473 647 3525 0,
679 3478 717 3513 et
747 3474 811 3514 ita
835 3479 952 3523 poet.
1058 3471 1093 3524 i>
1127 3471 1377 3522 Arialphuo
1407 3474 1486 3512 hoc
1515 3472 1606 3513 loeo
1637 3471 1678 3511 A
1711 3472 1737 3513 2
1773 3470 1839 3524 (ia
1867 3472 2035 3512 rubra:
2066 3469 2307 3522 Auriulss).
2407 3470 2470 3524 m)
2500 3472 2564 3512 ita

323 3531 367 3572 A
400 3533 441 3575 1.
473 3529 533 3573 '2-
569 3533 609 3573 2.
645 3532 686 3573 3.
717 3533 755 3572 F
789 3534 830 3574 1.
865 3532 908 3574 G
941 3535 982 3574 1.
1016 3532 1068 3582 ὃς
1100 3530 1273 3571 bellum
1303 3532 1444 3573 ceteri.
1598 3530 1649 3584 n)
1679 3530 1967 3579 victoriaque
2010 3531 2047 3570 F
2082 3531 2122 3570 1.
2174 3528 2216 3570 G
2248 3530 2287 3572 1.
2319 3529 2362 3570 3.
2399 3551 2450 3560 —
2485 3540 2561 3581 pe·

319 3593 490 3631 trasset
521 3589 564 3631 G
595 3593 638 3631 1.
672 3592 713 3632 2.
836 3588 882 3642 o)
917 3601 1054 3642 quem
1083 3590 1143 3630 D.
1264 3587 1315 3641 p)
1347 3591 1392 3631 ei
1422 3601 1458 3631 r.
1492 3589 1535 3630 A
1566 3590 1608 3631 8.
1727 3587 1775 3641 q)
1807 3589 1997 3629 vidisset
2025 3589 2067 3629 A
2101 3588 2140 3629 2.
2173 3587 2215 3629 6.
2248 3588 2289 3630 6.
2318 3587 2356 3627 F
2388 3591 2427 3630 1.
2461 3587 2560 3629 Gl.

322 3650 365 3689 4.
401 3649 480 3699 ὄις
511 3649 735 3691 vidissent
777 3650 816 3689 Ε
850 3652 891 3691 1.
933 3651 971 3690 F
1002 3646 1063 3690 ⁸2.
1096 3649 1140 3691 4.
1190 3648 1231 3690 G
1263 3649 1306 3690 3.
1455 3648 1496 3702 r)
1530 3649 1723 3690 meliore
1767 3647 1882 3687 mihi
1911 3649 1949 3687 F
1984 3650 2032 3697 13
2079 3646 2192 3686 mihi
2225 3645 2268 3687 G
2299 3648 2347 3697 13
2392 3657 2564 3687 meum

324 3707 425 3750 Ga.
457 3710 512 3758 43
541 3709 653 3749 aem
685 3708 784 3750 G3.
817 3708 887 3750 bc.
980 3706 1020 3761 s)
1054 3709 1135 3757 qui
1164 3710 1288 3749 tiens
1317 3706 1417 3748 Aa.
1507 3705 1545 3760 t)
1577 3707 1745 3758 aliquit
1770 3706 1812 3747 A
1831 3708 1879 3755 13
1910 3707 2021 3746 decet
2054 3704 2097 3746 G
2128 3707 2168 3757 2,
2192 3710 2295 3755 pose
2323 3705 2424 3747 add.
2461 3705 2561 3747 G4.

322 3765 372 3818 u)
405 3768 468 3807 ita
497 3766 539 3807 A
574 3769 619 3817 1ς
652 3768 838 3817 clippeo
868 3767 904 3809 Ο
936 3764 998 3810 ’1.
1033 3770 1078 3817 13
1125 3767 1336 3818 chlippeo
1366 3766 1404 3806 F
1438 3769 1476 3809 1.
1510 3766 1552 3808 G
1585 3769 1624 3807 1.
1743 3763 1791 3817 v)
1823 3766 1934 3805 deest
1965 3765 2007 3805 A
2040 3765 2094 3814 83
2136 3768 2183 3805 et
2210 3765 2326 3805 haee
2358 3763 2400 3807 G
2432 3766 2472 3805 1.
2504 3785 2559 3795 —

318 3826 526 3876 amplam
557 3826 601 3868 d.
639 3836 738 3867 esse
769 3826 806 3865 l?
840 3828 880 3867 1.
1002 3826 1061 3876 w)
1093 3828 1404 3876 requiesceret
1433 3827 1470 3866 F
1503 3828 1544 3866 1.
1666 3823 1715 3877 x)
1748 3824 1872 3865 bello
1902 3823 1944 3864 A
1974 3825 2017 3866 8.
2151 3820 2200 3875 y)
2230 3823 2296 3863 ita
2324 3824 2366 3865 A
2398 3825 2445 3874 ις
2477 3823 2560 3866 ali·

319 3884 436 3935 quid
467 3883 508 3925 G
542 3887 582 3926 1.
616 3885 665 3935 ὃς
699 3885 888 3935 aliquod
917 3885 1054 3927 ceteri.
1176 3884 1218 3938 z)
1252 3885 1383 3927 desii.
1416 3885 1459 3925 D
1492 3885 1534 3928 3.
1565 3885 1601 3924 F
1634 3880 1698 3925 ’2.
1729 3885 1772 3936 4,
1803 3883 1899 3922 alii.

328 4076 385 4145 1)
426 4078 507 4144 (ff.
545 4078 772 4148 Fredeq.
810 4079 990 4132 chron.
1033 4095 1077 4131 e.
1117 4079 1208 4131 20.
1393 4080 1452 4146 2)
1494 4077 1688 4146 Ariutfi
1742 4086 1943 4145 tempus
2000 4093 2066 4130 ex
2123 4093 2181 4129 eo
2210 4083 2379 4143 patet,
2417 4075 2561 4143 quod

322 4151 612 4220 Gregorius
651 4152 728 4206 M.
765 4153 822 4204 in
862 4150 1011 4219 epist.
1053 4150 1135 4215 11,
1176 4153 1227 4204 3.
1267 4152 1354 4216 29,
1402 4151 1518 4204 ind.
1563 4152 1646 4214 10,
1686 4151 1797 4218 ejus
1833 4150 1979 4218 facit
2026 4148 2353 4203 mentionem.
2427 4147 2559 4200 Fat-

321 4225 487 4277 melai*
510 4232 799 4292 praeterea
836 4226 990 4290 affert
1039 4223 1212 4277 Vitam
1249 4240 1292 4275 e.
1336 4222 1474 4277 Cetei
1511 4223 1666 4289 episc.
1692 4222 1971 4285 Amiterni,
2010 4223 2147 4274 Aeta
2170 4220 2272 4274 SS.
2310 4221 2440 4274 Jun.
2471 4222 2558 4285 18,

321 4297 380 4348 in
416 4315 526 4364 qua
550 4298 596 4350 ie
635 4298 906 4365 epiecopus
931 4296 1125 4349 dicitur
1160 4296 1477 4363 temporibus
1505 4295 1748 4362 Gregorii
1773 4312 1960 4362 papae
1995 4301 2045 4348 et
2079 4294 2344 4347 Far-oaldi
2379 4294 2562 4356 dudm

317 4368 418 4421 Itos
456 4387 569 4422 una
606 4372 781 4424 vivere
818 4370 1139 4423 solummodo
1178 4387 1213 4420 a
1250 4372 1304 4420 3.
1345 4367 1491 4436 Sept.
1534 4369 1820 4419 690-591
1863 4385 1944 4421 ex.
1974 4368 2231 4433 potuisse.
2306 4369 2418 4421 ΒΕ.
