3042 4909
825 417 1046 469 PAULI
1085 418 1436 472 HISTORIA
1473 419 2146 474 LANGOBARDORUM.
2323 497 2328 502 ι
2540 423 2602 472 11

367 584 570 651 Paulo
589 597 609 631 ¹
625 587 1012 651 recentiores
1034 585 1339 652 *tribuere
1350 587 1697 652 voluerunt
1710 598 1733 632 ²
1750 611 1771 651 .·
1796 596 2014 652 noster
2030 598 2193 654 certe
2213 591 2286 654 in
2302 589 2605 655 Historia
2623 617 2636 640 ·
2652 632 2701 673 p.
2735 621 2808 663 ιο.

364 669 953 756 Langobardorum
996 671 1085 735 iis
1115 693 1276 735 usus
1305 681 1414 735 est.
1500 670 1637 737 Sed
1677 672 1872 736 etiam
1911 674 2130 773 majus
2174 695 2338 758 opus
2368 673 2602 739 ‘Paulo

361 754 663 834 diacono,
666 751 1021 838 familiari
1043 753 1344 819 clientulo
1361 757 1602 820 nostro'
1615 776 1733 820 reae
1746 756 2064 841 injunxit,
2089 761 2237 842 ‘quo
2248 755 2603 840 tractatus'‚

362 846 433 900 ut
462 838 560 901 ait
587 836 864 922 epistola
894 838 1115 922 ipsius
1142 840 1401 904 nomine
1441 840 1691 925 scripta
1707 849 1753 919 ³,
1798 845 2013 924 ‘atque
2042 861 2363 906 sermones
2394 841 2601 906 diver-

359 943 577 985 sorum
643 919 1107 986 catholicorum
1153 930 1431 1007 patrum
1544 922 1831 1009 erleyens
1891 932 1951 987 et
2008 925 2256 1009 optima
2308 946 2476 1024 quae
2522 948 2600 990 ue

359 1005 726 1089 decerpens,
770 1006 844 1069 in
890 1004 1143 1070 duobus
1186 945 1625 1071 voluminissus
1656 1028 1786 1107 per
1826 1009 2023 1072 totius
2068 1009 2241 1072 anni
2281 1029 2462 1072 circu
2491 1031 2600 1074 um

356 1096 780 1236 οὲῗφῗιοπτθε
822 1089 1055 1200 auique
1090 1088 1452 1174 festivitati
1508 1091 1810 1155 distincte
1867 1100 1927 1154 et
1982 1090 2219 1177 absque
2272 1092 2453 1157 vitiis
2497 1092 2599 1158 ob·

362 1181 387 1233 t
460 1174 513 1236 it
575 1173 848 1237 ectiones
870 1218 886 1234 .

532 1307 724 1382 Quod
764 1332 909 1374 cum
954 1311 1078 1374 hac
1112 1311 1540 1395 praefatione
1582 1314 1727 1396 reqi
1768 1312 2214 1375 transmisit³.·

527 1464 794 1530 Summo
838 1465 1011 1551 apici
1051 1488 1267 1531 rerum
1307 1467 1446 1554 regi
1488 1467 1878 1554 dominoque
1921 1468 2166 1552 potenti

609 1548 744 1613 Dat
784 1547 1063 1613 famulus
1106 1548 1384 1636 supplex
1424 1550 1625 1615 verba
1665 1549 1941 1636 legenda
1984 1571 2155 1615 suus.

524 1647 763 1736 Ampla
803 1649 962 1713 mihi
1003 1660 1214 1716 vestro
1260 1658 1356 1715 est
1397 1649 1624 1715 humili
1669 1651 1926 1716 devotio
1973 1673 2159 1717 servo

526 1734 893 1820 Praeceptis
936 1755 1163 1820 parere
1205 1735 1355 1817 tuiS,
1401 1733 1810 1800 celeberrime
1853 1756 2101 1820 regum,

527 1818 738 1898 Quem
781 1816 960 1883 dedit
1003 1819 1405 1884 omnicreans
1448 1819 1685 1885 Rector
1726 1820 2063 1884 miseratus
2108 1819 2190 1884 ab
2234 1818 2378 1886 altis

527 1899 979 1966 Christicolum
1021 1901 1276 1990 populis
1321 1901 1847 2003 defensoremque
1892 1912 2284 1991 patremque.

528 1983 628 2050 Sit
668 1983 817 2050 licet
861 1985 1124 2052 effectus
1168 1986 1441 2051 modicis
1484 2008 1602 2072 pro
1644 1987 1891 2051 vinbus
1935 1986 2145 2073 impar
2158 1998 2201 2069 ⁸,

522 2068 760 2153 Ingens
803 2068 1051 2135 ardenti
1094 2080 1308 2137 tamen
1350 2079 1447 2135 est
1491 2071 1610 2136 sub
1653 2069 1845 2136 corde
1895 2069 2209 2136 voluntas.

522 2151 626 2216 En
668 2152 841 2217 iutus
860 2153 887 2195 b
930 2156 1131 2240 patris
1175 2153 1506 2220 Benedicti
1549 2155 1714 2219 mira
1755 2154 2104 2240 patrantis⁰

520 2234 785 2300 Auxilio
828 2238 1199 2324 meritisque
1242 2238 1384 2323 piis„
1426 2239 1750 2324 vestrique
1801 2235 2007 2303 fidelis

523 2317 800 2385 Abbatis
845 2319 1215 2409 dominique
1257 2321 1404 2405 mei,
1451 2321 1572 2387 etsi
1612 2322 1789 2385 iussa
1830 2320 2092 2405 nequivi

524 2401 808 2489 Explere
849 2413 920 2468 ut
963 2403 1228 2493 dignum
1243 2406 1273 2448 ‘¹
1317 2415 1430 2484 est,
1474 2415 1709 2484 tamen,
1756 2424 1794 2466 o
1837 2402 2091 2489 pietatis
2129 2412 2394 2483 amator,

522 2486 775 2573 Excipe
818 2497 1161 2573 gratanter,
1207 2488 1403 2554 decus
1447 2497 1510 2553 et
1553 2485 1843 2552 mirabile
1888 2485 2132 2566 mundi,

346 2685 409 2785 3}
425 2688 490 2784 iata
520 2685 686 2735 Laod-,-
717 2686 854 2727 inv-lt.
888 2684 1001 2728 Mod.
1152 2683 1200 2736 b)
1233 2687 1380 2726 iustus
1414 2685 1530 2728 Mod.
1684 2684 1726 2738 c)
1759 2684 2050 2737 patrantibus
2085 2684 2197 2724 Mod.
2336 2681 2383 2734 d)
2419 2684 2592 2726 dictum

401 2756 428 2785 o
462 2775 473 2788 .

353 2912 408 2973 1)
436 2910 675 2963 Talishoc
688 2919 914 2977 tempore
924 2911 1093 2977 plane
1104 2911 1310 2978 iynotas
1325 2919 1416 2964 est.
1437 2911 1642 2964 Paulas
1657 2912 1916 2964 diaconus
1934 2910 2326 2979 Neapolitanae
2337 2910 2597 2973 ecclesiae,

347 2985 449 3050 qui
483 2982 621 3035 Acta
646 2982 702 3035 S.
726 2984 940 3036 Mariae
965 2981 1324 3053 Aeqyptiacae
1361 2984 1428 3037 de
1456 2984 1659 3038 Graeco
1696 2984 1755 3036 in
1782 2983 2039 3036 Latinum
2078 2981 2350 3036 transtulit
2383 2982 2598 3049 aliaque

348 3055 582 3123 scripsit,
634 3054 827 3109 Karoli
866 3055 1017 3108 Calvi
1055 3065 1281 3123 tempore
1330 3057 1480 3112 vixit.
1562 3058 1645 3110 De
1682 3075 1784 3124 quo
1835 3058 1903 3126 cf.
1945 3056 2245 3121 Fabricius,
2280 3056 2422 3109 Bibl.
2461 3053 2597 3108 med.

363 3129 426 3192 V,
456 3147 518 3195 p.
551 3131 651 3180 199
694 3129 800 3195 (ed.
840 3128 991 3181 Flor.
1028 3129 1194 3197 1858)
1206 3146 1225 3191 ,·
1262 3130 1567 3182 Bethmann
1594 3148 1658 3197 p.
1687 3131 1812 3183 328.
1887 3129 2158 3183 Posterius
2209 3129 2366 3182 etiam
2402 3129 2599 3181 vixisse

354 3200 572 3255 videtur
620 3203 756 3255 alter
790 3201 1000 3255 Paulas
1052 3202 1310 3255 diaconus
1352 3201 1681 3266 Oasinensis‚
1735 3204 1828 3270 qui
1876 3203 2103 3257 codicem
2151 3202 2362 3270 scripsit
2410 3202 2596 3268 episto·

353 3277 534 3326 larum
585 3274 750 3327 Pauli
796 3274 913 3342 (ap.
951 3274 1086 3339 Mai,
1126 3274 1311 3342 Spicil.
1358 3275 1415 3340 V,
1442 3294 1506 3343 p.
1539 3275 1720 3327 XXII
1726 3314 1739 3339 ,
1790 3276 1964 3327 minus
2010 3284 2147 3329 recte
2197 3272 2601 3328 commentarius

352 3346 555 3400 dicitur
589 3347 649 3400 in
685 3347 851 3401 Pauli
886 3349 1178 3416 epistolas),
1217 3366 1268 3400 v.
1318 3349 1472 3414 Tosti,
1512 3348 1657 3401 Hist.
1701 3348 1881 3401 Oasin.
1920 3348 2060 3415 1510.
2093 3349 2216 3399 104.
2401 3350 2457 3413 2)
2502 3344 2602 3398 ob-

329 3421 530 3490 jicitur
584 3422 729 3488 quod
783 3422 841 3474 in
896 3422 1049 3473 codd.
1104 3422 1377 3475 nonnullis
1435 3422 1641 3474 Paulus
1687 3422 1937 3490 pontifex
2002 3423 2085 3474 vel
2151 3420 2399 3473 sacerdos
2469 3417 2601 3471 dici-

352 3503 476 3554 mm
513 3494 581 3562 cf.
610 3494 911 3547 Bethmann
945 3512 1001 3562 p.
1028 3496 1153 3548 821.
1228 3493 1337 3548 Sed
1373 3495 1433 3547 in
1469 3503 1669 3547 vetusto
1707 3496 1798 3546 illo
1827 3492 2137 3546 Monacensi
2173 3492 2311 3544 nihil
2345 3491 2601 3559 eiusmodi

353 3565 566 3634 leqitar.
640 3566 713 3618 Et
750 3567 809 3620 in
848 3568 1067 3635 antiquo
1095 3569 1335 3637 cataloqo
1367 3568 1704 3621 bibliothecae
1729 3565 2220 3628 Laureshamensis,
2263 3564 2383 3615 Mai
2409 3562 2595 3630 Spicil.

366 3638 428 3703 V,
464 3639 586 3704 193,
625 3641 839 3707 glossae
878 3642 1035 3693 Pauli
1073 3642 1287 3693 diaconi
1327 3642 1642 3708 afferuntur,
1695 3655 1796 3706 quo
1849 3638 1999 3690 titulo
2053 3646 2174 3705 apte
2212 3644 2461 3704 excerpta
2497 3637 2597 3689 illa

351 3712 588 3764 indicari
614 3721 883 3780 poterant.
965 3713 1148 3782 Neque
1186 3714 1329 3781 quod
1364 3711 1710 3783 negligentius
1737 3720 1986 3778 excerpta
2010 3712 2188 3778 sacta,
2216 3711 2386 3762 multa
2417 3710 2595 3777 defor-

348 3793 500 3836 mata
548 3794 673 3837 sunt
719 3788 804 3839 vel
841 3803 1045 3853 param
1094 3787 1386 3849 intellecta,
1439 3805 1475 3839 a
1512 3784 1677 3838 Pauli
1723 3786 1933 3854 ingenio
1988 3786 2250 3838 abhorret.
2336 3783 2597 3838 Extrema

350 3856 603 3924 epistolae
639 3860 819 3922 verba,
860 3860 989 3912 haec
1023 3861 1085 3912 in
1115 3859 1426 3927 primordiis
1462 3859 1629 3912 initae
1668 3876 1787 3912 cum
1825 3859 2029 3912 Karolo
2051 3857 2454 3927 familiaritatis
2498 3874 2597 3924 po-

349 3930 535 3983 nenda
579 3948 706 3995 esse,
756 3933 1051 3985 ostendant.
1222 3936 1278 3999 3)
1317 3931 1434 3984 LL.
1474 3932 1525 3997 I,
1553 3951 1617 4000 p.
1646 3933 1734 3984 44.
1809 3933 1899 3984 Ex
1950 3933 2065 3985 cod.
2117 3930 2386 3984 Oarlsruh.
2448 3929 2599 3997 (olim

348 4002 636 4071 Aaqiensi)
675 4023 719 4058 s.
759 4004 859 4068 IX,
900 4023 1000 4073 qao
1027 4008 1148 4076 jam
1185 4005 1447 4059 Mabillon
1483 4023 1615 4058 usas
1653 4014 1782 4069 erat,
1834 4004 1976 4058 Ann.
2016 4006 2218 4058 Bened.
2258 4003 2339 4068 II,
2380 4020 2443 4069 p.
2473 4003 2598 4067 328,

352 4077 529 4130 denuo
568 4079 652 4132 ed.
678 4078 885 4143 Ranke,
932 4078 1113 4133 Theol.
1143 4078 1369 4133 Studien
1405 4079 1521 4131 und
1559 4078 1805 4131 Kritiken
1848 4079 2004 4142 1855,
2036 4096 2099 4145 p.
2127 4078 2252 4129 38⁷.
2368 4075 2427 4142 3)
2464 4075 2599 4128 Edi-

352 4150 549 4202 tionem
596 4152 818 4217 paravit
866 4152 1167 4205 Bethmann
1214 4169 1279 4206 ex
1331 4152 1445 4204 cod.
1483 4150 2126 4220 Batavo-Luqdunensi,
2188 4150 2332 4203 Voss.
2377 4147 2504 4202 Lat.
2544 4149 2596 4213 4,

351 4240 397 4276 s.
425 4222 493 4285 X,
533 4231 582 4276 et
606 4223 961 4278 Modoetiensi
999 4223 1358 4292 (Lectionario
1398 4233 1665 4277 caractere
1704 4224 1969 4292 quadrato
2009 4242 2051 4276 s.
2091 4222 2280 4291 VIII),
2322 4236 2424 4289 quo
2463 4237 2595 4274 usus

354 4303 435 4350 est
471 4294 636 4361 Frisi,
676 4297 835 4351 Mem.
874 4299 934 4351 di
969 4298 1168 4352 Monea
1192 4298 1308 4362 III,
1350 4299 1472 4350 152.
1550 4297 1745 4349 Exstat
1783 4298 1939 4349 etiam
1977 4297 2035 4349 in
2072 4296 2185 4349 cod.
2217 4294 2596 4356 Oarlsruhano,

356 4367 481 4421 olim
518 4368 795 4438 Auyiensi‚
833 4388 897 4424 ex
936 4389 1038 4438 quo
1066 4380 1279 4438 partem
1318 4370 1399 4424 ed.
1440 4370 1702 4423 Mabillon
1740 4372 1771 4423 l.
1813 4372 1847 4423 l.
1877 4387 1941 4437 p.
1971 4370 2095 4421 329.
2581 4365 2591 4374 “
