3042 4909
334 3502 409 3554 ‘p.
430 3503 500 3545 18.

506 370 539 420 8
967 371 1188 422 PAULI
1226 369 1571 422 HISTORIA
1614 371 2288 425 LANGOBARDORUM.

682 537 971 602 Karolus
1000 560 1149 602 vero
1180 539 1395 603 virum
1427 539 1772 620 eruditum,
1817 538 2204 625 linguarum
2235 538 2540 623 plu-rium
2584 563 2748 627 yna-

514 645 694 703 rum,
760 623 1024 706 scriptis
1081 621 1409 703 celebrem,
1477 644 1688 687 secum
1753 624 2027 688 retinere
2085 624 2349 721 ejusque
2409 645 2611 708 opera
2675 625 2747 687 in

514 707 882 771 litterarum
933 705 1177 770 studiis
1240 705 1608 771 eoecole‘ndis
1666 706 1946 791 aliisque
2007 707 2286 792 ‘negotiis
2320 706 2747 791 perficiendis

514 792 614 854 uti
657 788 975 873 cupiebat.
1069 788 1192 855 Cui
1234 793 1533 874 quamvis
1579 789 2441 889 aliquandiu-refragratus
2485 814 2615 856 esse
2657 793 2749 856 vi·

514 875 770 955 deatur,
803 875 990 937 cessit
1017 881 1253 954 tamen,
1284 875 1428 959 ejus
1458 875 1719 938 servitio
1751 895 1814 938 ee
1840 873 2037 956 dedit,
2068 875 2258 939 immo
2271 873 2750 958 familiaritate

517 967 573 1020 et
633 979 848 1022 amore
905 958 1051 1043 reyi
1109 960 1494 1042 conjunctus
1554 967 1663 1021 est.
1753 958 1962 1022 Testes
2020 966 2172 1022 sunt
2230 959 2532 1023 carmina
2579 961 2751 1024 inter

515 1040 868 1122 Karolum,
910 1041 1099 1104 Petro
1142 1041 1391 1106 Pisano
1437 1041 1763 1105 calamum
1820 1042 2119 1122 ducente,
2163 1050 2222 1104 et
2261 1041 2546 1107 Paulum
2590 1065 2751 1107 com-

515 1133 799 1205 mutata,
853 1145 933 1187 eoe
977 1124 1209 1209 quibus
1253 1125 1383 1189 duo
1427 1125 1545 1190 hoc
1587 1125 1725 1190 loco
1768 1134 2047 1208 repetere
2088 1127 2338 1189 iuvatl.

937 1243 1145 1308 Item
1186 1266 1477 1309 versus
1519 1243 1751 1308 Petri
1794 1246 2345 1328 grammatici.

600 1346 734 1410 Nos
779 1345 1068 1409 dicamus
1115 1344 1365 1410 Christo
1408 1344 1666 1410 laudem
1712 1344 2035 1410 Genitoris
2079 1341 2290 1428 unico,

684 1428 908 1492 mundi
949 1426 1184 1513 legitur
1224 1426 1532 1491 librorum
1622 1429 1689 1490 ui
1735 1439 1983 1493 creator
2023 1430 2294 1514 paginis,

687 1512 865 1575 cuius
909 1510 1036 1575 fine
1080 1510 1359 1576 clemens
1401 1511 1553 1576 veni
1665 1511 1888 1576 berare
1930 1512 2231 1597 perditos,

602 1615 773 1679 Ante
819 1610 1034 1677 secula
1078 1613 1189 1699 qui
1233 1624 1418 1678 natus
1463 1622 1730 1699 paterna
1773 1613 2144 1693 substantia,

685 1706 757 1761 ut
799 1695 1073 1760 salvaret
1115 1717 1274 1781 quos
1318 1698 1565 1761 creavit
1607 1717 1863 1760 carnem
1906 1704 2187 1760 nostram
2231 1695 2454 1778 induit,

688 1791 752 1846 et
791 1780 1142 1844 innumeris
1186 1779 1464 1844 ostendit
1502 1781 1808 1845 virtutem
1851 1778 2205 1869 miraculis3

602 1882 804 1967 Rupit
843 1890 1100 1964 tartara,
1145 1880 1388 1946 calcato
1431 1883 1726 1947 draconis
1769 1882 2059 1967 imperio,

686 1966 868 2029 cuius
911 1987 1081 2030 mors
1123 1974 1436 2029 terrarum
1481 1964 1701 2029 orbem
1743 1965 2038 2030 vastabat
2078 1964 2336 2048 invidia,

684 2049 933 2113 vinctos
976 2048 1089 2114 diu
1129 2048 1436 2134 paradysi
1476 2049 1783 2134 perduxit
1822 2049 1906 2113 ad
1950 2049 2207 2134 gaudia.

605 2151 734 2230 Qui
776 2149 1119 2249 te,·Paule,
1162 2159 1496 2236 poetarum
1541 2161 1888 2237 vatumque
1931 2150 2390 2233 doctissimum,

685 2232 922 2319 linguls
964 2235 1160 2298 vanis
1201 2234 1283 2299 ad
1324 2245 1608 2299 nostram
1649 2233 2037 2319 lampantem
2127 2234 2475 2299 rovinciam

685 2318 877 2401 misit,
921 2327 993 2382 ut
1032 2318 1266 2383 inertes
1311 2321 1476 2404 aptis
1518 2317 1823 2383 fecundes
1866 2319 2092 2382 semini
2139 2341 2235 2386 us,

605 2418 815 2485 Greea
859 2421 1135 2484 cerneris
1177 2419 1519 2500 Homerus,
1565 2421 1796 2485 Latina
1837 2419 2166 2507 Virgilius,

688 2504 755 2566 in
797 2502 1057 2569 Hebrea
1144 2526 1356 2589 uoque
1399 2502 1606 2586 Philo,
1652 2503 1974 2568 Tertullus
2016 2506 2083 2568 in
2126 2503 2389 2587 artibus»,

686 2586 957 2651 Flaccus
1001 2608 1105 2650 cre
1154 2588 1278 2651 eris
1321 2589 1389 2650 in
1431 2589 1669 2669 metris,
1716 2586 2008 2651 Tibullus
2052 2587 2326 2672 eloquio.

603 2687 705 2751 Tu
747 2708 863 2751 nos
906 2697 1095 2771 gestu
1139 2687 1412 2750 docuisti
1455 2686 1895 2772 exemplorum
1941 2687 2219 2769 credere,

688 2769 860 2855 quod
904 2770 1140 2833 amoris
1182 2790 1221 2831 a
1265 2791 1337 2833 ro
1380 2771 1585 2833 nostri
1624 2769 1947 2855 plantatus
1988 2770 2292 2834 radicitus

685 2855 977 2934 tenearis»,
1021 2874 1141 2916 nec
1308 2853 1525 2938 prisca
1569 2873 1679 2916 cor
1720 2852 1921 2916 ducas
1962 2851 2245 2922 latibula.

605 2954 773 3020 Cum
812 2954 1227 3040 grammatice
1268 2951 1516 3018 Latinis
1558 2953 1903 3018 fecundare
1944 2953 2167 3018 rivulis

686 3059 816 3102 non
859 3058 1068 3101 cesses
1111 3046 1299 3102 nocte
1342 3036 1445 3102 die
1492 3059 1574 3101 ue
1621 3037 1933 3122 cupientis
1974 3039 2224 3102 viscera

687 3122 1093 3207 partiumque
1134 3121 1380 3184 ratione
1489 3143 1781 3186 recorum
1826 3121 1945 3186 sub
1989 3120 2227 3186 studio:

603 3221 786 3288 Haec
828 3243 945 3286 nos
988 3221 1140 3288 facit
1182 3223 1494 3287 firmiores
1540 3222 1831 3287 doctrina
1872 3222 2227 3299 laudabilis,

684 3315 899 3371 vestra
942 3307 1022 3371 de
1065 3306 1509 3392 permansione
1556 3328 1701 3404 qua·
1724 3305 1845 3371 fuit
1888 3307 2200 3404 dubietas,

688 3390 860 3476 quod
902 3399 965 3454 te
1008 3391 1193 3455 restis
1233 3399 1489 3455 nostrae
1535 3400 1735 3455 cmxlt
1774 3412 1894 3454 nec
1937 3389 2198 3455 dxmitut
2238 3390 2570 3456 anchorae.

574 3492 964 3558 *Credimus
1039 3501 1138 3557 ost
1182 3490 1476 3574 Grecam,
1520 3490 1737 3555 multis
1783 3512 1975 3576 quam
2021 3491 2319 3574 ostendis,
2363 3492 2650 3578 regulam

688 3585 751 3640 te
795 3576 926 3640 iam
1017 3577 1172 3641 octis
1216 3577 1596 3642 traditurum
1640 3574 2044 3640 Hebreorum
2091 3575 2319 3658 studia,

691 3660 923 3744 quibus
966 3659 1071 3725 ille
1117 3659 1476 3725 Gamalihel
1518 3659 1742 3723 doctor
1783 3658 1943 3744 legis
1989 3658 2233 3725 claruit.

603 3759 872 3845 Magnas
912 3761 1031 3826 tibi
1074 3782 1191 3826 nos
1234 3782 1521 3847 agamus,
1567 3760 1947 3843 venerande,
1998 3762 2256 3847 gratiaS,

691 3844 802 3929 qui
845 3844 1029 3929 cupis
1075 3843 1286 3908 Greco
1333 3852 1668 3928 susceptos
1712 3843 1963 3910 erudire
2006 3847 2279 3909 tramite.

692 3948 882 4012 quam
925 3947 1053 3990 non
1097 3936 1243 3991 ante
1287 3925 1725 4012 sperabamuS,
1769 3949 1940 3991 nunc
1983 3930 2259 3993 surrexit
2300 3926 2521 4011 gloria.

604 4027 802 4092 Haud
844 4036 906 4091 te
948 4026 1121 4110 latet,
1168 4028 1340 4114 quod
1382 4028 1643 4092 iubente
1689 4027 1941 4095 Christo
1984 4039 2205 4094 nostra
2246 4027 2396 4109 filia,

688 4110 1001 4176 Michaele
1045 4114 1407 4194 comitante,
1451 4109 1671 4177 sollers
1713 4113 1908 4177 maris
1951 4113 2158 4197 spatia

690 4194 773 4257 ad
815 4194 1092 4259 tenenda
1133 4204 1387 4281 sceptra
1427 4195 1610 4280 regni
1652 4196 1992 4260 transitura
2034 4202 2355 4281 properat.

528 4317 585 4386 1)
622 4319 711 4371 Ex
749 4321 862 4373 cod.
901 4320 1082 4374 Paris.
1122 4321 1223 4373 Nr.
1266 4321 1391 4373 328.
1430 4320 1644 4386 Lebeuf
1672 4322 1853 4385 edidit,
1890 4321 2192 4373 Bethmawn
2227 4321 2416 4372 iterum
2454 4318 2753 4384 descripsit.
