3042 4909
514 417 735 469 PAULI
773 388 1120 469 HISTORIA
1158 418 1828 472 LANGOBARDORUM.
1903 422 2044 472 LIB.
2085 422 2150 472 V.
2361 423 2461 474 193

236 587 378 671 Ago
435 583 624 648 datus
640 593 684 665 ²,
730 582 810 648 de
852 585 1035 648 cuius
1092 586 1347 649 nomine
1390 607 1594 672 usque
1636 585 1827 651 hodie
1872 586 2100 651 domus
2147 587 2463 672 quaedam

243 669 445 734 intrah
489 665 810 732 Foroiulic
869 667 1212 732 constituta
1263 667 1492 733 domus
1549 669 1797 755 Agonis
1856 668 2228 757 appellatur.
2316 670 2463 751 Quo

234 753 456 838 Agone
473 750 503 793 ‘¹
561 760 832 834 mortue,
876 749 1405 816 Foroiulanorum
1450 752 1678 817 ductor
1712 754 1935 840 Lupus
1979 753 2268 819 efficitur.
2335 755 2463 821 Hic

230 836 447 922 Lupus
491 836 559 898 in
591 833 882 899 Grados⁰
924 832 1214 917 insulam,
1262 856 1425 919 quae
1468 858 1599 900 non
1640 834 1833 923 longe
1879 837 1961 902 ab
2006 836 2308 964 Aquileia
2351 848 2464 922 est,

234 942 374 985 cum
404 942 439 984 e
487 919 682 984 uestri
725 918 1012 984 exercitu
1042 940 1159 1005 per
1200 926 1461 984 stratam
1501 940 1667 1006 quae
1710 922 2059 1020 antiquitus
2136 943 2252 1007 per
2291 943 2465 987 mare

231 1004 395 1068 facta
435 942 643 1068 iliierat
682 1002 994 1085 introivit,
1040 1012 1104 1067 et
1146 1001 1536 1101 depraedata
1577 1004 1717 1089 ipsa
1763 1005 2037 1087 civltate,
2093 1003 2465 1091 Aquileien-

232 1090 316 1152 sis
389 1084 696 1151 ecclesiae
759 1084 1087 1151 thesauros
1144 1085 1375 1151 exlnde
1432 1087 1759 1170 auferens,
1822 1089 2188 1175 reportavit.
2292 1088 2465 1154 Huic

231 1171 433 1256 Lupo,
465 1168 721 1256 quando
747 1167 1084 1234 Grimuald
1097 1180 1127 1224 ⁸
1149 1169 1589 1235 Beneventum
1610 1172 1910 1257 perrexit,
1942 1194 2130 1236 suum
2159 1170 2466 1259 palatium

237 1253 721 1319 commendavit.

402 1337 498 1402 18.
577 1335 716 1416 ‚Qui
742 1335 966 1424 Lupus
997 1335 1150 1400 dum
1194 1359 1345 1422 rege
1387 1337 1650 1404 absente
1693 1337 1894 1404 multa
1936 1337 2277 1406 insolenter
2311 1350 2468 1426 aput

231 1420 525 1485 Ticinum
579 1422 844 1506 egisset,
899 1420 1135 1519 quippe
1181 1422 1411 1520 quem¹¹
1453 1444 1855 1487 reversurum
1898 1444 2025 1487 non
2074 1424 2467 1489 aestimaret:

234 1512 584 1571 revertente
626 1526 694 1569 re
744 1526 798 1586 e,
858 1525 1097 1586 sciens,
1156 1504 1397 1569 eidemi
1458 1526 1535 1570 ea
1578 1527 1744 1591 quae
1786 1527 1915 1570 non
1971 1517 2140 1572 recte
2180 1516 2469 1594 gesserat

234 1586 590 1673 displicere,
718 1586 1059 1652 orumiulik
1162 1597 1366 1671 etens,
1432 1598 1654 1653 contra
1709 1590 1983 1655 eundem
2040 1613 2257 1677 regem
2315 1613 2468 1656 suae

234 1672 549 1758 nequitiae
607 1672 898 1736 conscius
942 1671 1092 1736 rebe
1140 1673 1290 1737 avit.

402 1757 499 1820 19.
587 1754 783 1818 Tum¹
839 1753 1191 1838 Grimuald,
1235 1753 1454 1820 nolens
1498 1755 1682 1821 civile
1725 1755 1964 1822 bellum
2004 1759 2172 1822 inter
2213 1757 2468 1843 Lango-

232 1837 463 1904 bardos
491 1839 792 1921 excitare,
821 1839 961 1924 regi
981 1838 1315 1904 Avarum¹¹¹
1345 1853 1616 1904 cacanou
1645 1841 1991 1924 mandavit,
2015 1850 2085 1905 ut
2112 1842 2181 1905 in
2203 1843 2470 1906 Forum-

234 1920 387 1987 iulio
442 1934 664 1987 contra
726 1921 983 2009 Lupum
1046 1922 1277 1988 ducem
1335 1943 1482 1986 cum
1542 1924 1829 1989 exercitu
1888 1926 2133 1990 veniret
2197 1947 2470 2011 eumque

236 2004 437 2072 bellov
481 2014 850 2093 protereret.
924 2004 1116 2087 Quod
1145 2015 1208 2070 et
1233 2006 1472 2071 factum
1504 2016 1619 2072 est.
1690 2007 1858 2072 Nam
1885 2009 2182 2073 veniente
2229 2029 2468 2073 cacano

235 2111 378 2154 cum
444 2110 676 2176 magno
741 2090 1046 2172 exercitu,
1110 2089 1179 2153 in
1239 2088 1380 2154 loco
1439 2090 1550 2174 qui
1615 2088 1920 2155 Flovius‘l
1966 2090 2197 2155 dicitur
2214 2104 2257 2173 1,
2305 2093 2472 2156 sicut

235 2172 418 2237 nobis
461 2171 811 2238 retulerunt
852 2173 1130 2238 seniores
1172 2173 1294 2238 viri
1339 2175 1452 2258 qui
1494 2174 1563 2236 in
1617 2174 1758 2260 ipso
1802 2172 1968 2239 bello
2026 2175 2301 2257 fuenmt,
2356 2196 2471 2260 per

237 2267 362 2322 tres
414 2255 552 2321 dies
593 2256 816 2342 Lupus
862 2256 997 2320 dux
1040 2278 1188 2320 cum
1229 2255 1634 2320 Foroiulanis
1676 2255 1982 2322 adversus
2027 2258 2249 2322 cacani
2291 2280 2471 2323 exer-

235 2341 470 2405 citumr
514 2340 821 2405 conflixit.
905 2340 993 2404 Et
1034 2340 1277 2425 primas
1325 2339 1584 2426 quidem
1629 2339 1731 2405 die
1784 2339 2067 2405 validum
2113 2342 2248 2405 eius
2292 2362 2471 2405 exer-

235 2425 450 2506 citum,
506 2425 729 2510 paucis
786 2423 919 2488 suis
982 2421 1330 2488 vulneratis
1407 2424 1801 2508 prostravit‘.
1908 2423 2247 2489 Secunda¹¹
2317 2445 2469 2489 vero

234 2507 339 2573 die
404 2509 534 2571 iam
589 2506 672 2572 ali
719 2509 927 2572 uantis
971 2529 1006 2572 e
1049 2508 1181 2571 suis
1239 2530 1282 2571 v
1395 2506 1586 2571 eratis
1630 2517 1695 2572 et
1735 2508 2034 2589 mortuis,
2093 2509 2235 2594 pari
2279 2506 2469 2572 modo

231 2555 463 2656 multos
482 2603 507 2634 v
553 2613 639 2656 ex
727 2590 986 2656 varibus
1016 2590 1346 2655 extincxit.
1411 2589 1629 2656 Tertia
1656 2612 1809 2655 vero
1840 2590 1965 2673 die,
2011 2593 2139 2655 iam
2182 2590 2473 2677 pluribus

234 2698 321 2741 ex
361 2675 492 2740 suis
523 2676 867 2740 sauciatisw
897 2675 1029 2739 sive
1060 2675 1427 2761 peremptis,
1470 2672 1881 2739 nihilominus
1911 2696 2220 2760 magnum
2251 2675 2472 2739 cacani

232 2759 586 2824 exercitum
649 2758 886 2824 delevit
938 2758 1369 2845 praedamque
1439 2758 1762 2855 copiosam
1817 2759 2067 2824 invasit.
2173 2758 2266 2823 At
2319 2780 2471 2823 vero

229 2843 336 2908 die
381 2851 608 2927 quarto
637 2852 877 2906 tantam
907 2864 1099 2927 super
1125 2864 1193 2907 se
1221 2840 1693 2907 multitudinem
1723 2850 2192 2929 conspexerunt
2216 2842 2474 2908 venien-

230 2937 379 3009 tem,
426 2935 498 2991 ut
538 2927 654 2991 vix
694 2948 809 3024 per
848 2925 1067 3012 fugam
1110 2926 1379 2991 evadere
1472 2930 1673 2990 ossint
1683 2938 1732 2989 ¹.

401 3010 539 3075 ¹⁸20.
623 3009 770 3075 1b1v
840 3009 1056 3095 itaque
1118 3009 1218 3074 Lu
1265 3031 1301 3074 o
1320 3021 1343 3053 ⁸
1411 2949 1574 3075 (pune
1639 3019 2004 3108 perempto,
2071 3009 2299 3096 reliqui
2365 3009 2476 3096 qui

231 3103 668 3158 remanserant
709 3115 847 3158 sese
891 3114 1008 3177 per
1051 3102 1220 3159 caste
1269 3115 1307 3156 a
1350 3103 1810 3160 commumunt.
1896 3094 2144 3159 Avares
2173 3115 2329 3159 vero
2358 3116 2477 3180 per

231 3198 454 3245 omnes
498 3198 718 3242 eorum
759 3176 919 3241 fines
971 3175 1415 3259 discurrentes,
1463 3187 1698 3242 cuncta
1737 3177 1976 3263 rapinis
2020 3176 2333 3242 invadunt
2372 3175 2476 3242 vel

226 3357 277 3411 a)
312 3359 354 3399 d.
390 3362 458 3399 eet
490 3357 525 3399 Ο
559 3359 610 3408 15
656 3357 899 3407 Agodacus
933 3356 974 3398 G
1004 3358 1047 3409 4,
1093 3368 1207 3397 corr.
1252 3356 1503 3407 Aoeodictus
1537 3356 1578 3398 A
1611 3360 1661 3407 ὃς
1692 3357 1939 3407 Agodagus
1973 3357 2012 3398 A
2045 3359 2084 3397 1.
2119 3358 2156 3397 F
2191 3359 2230 3398 1.
2263 3358 2307 3398 4.
2344 3355 2386 3397 G
2419 3358 2470 3407 13

232 3416 426 3467 Agoda.
446 3445 458 3458 .
480 3448 489 3459 .
526 3415 567 3459 G
601 3418 648 3467 25
682 3417 927 3467 Adogadus
959 3416 1000 3457 A
1034 3418 1082 3465 Ως
1126 3415 1341 3466 Adoeadus
1373 3417 1410 3456 Β
1447 3418 1484 3457 2.
1520 3417 1575 3465 83
1608 3417 1708 3466 Ago
1743 3417 1835 3457 dux
1864 3418 1902 3457 B
1939 3418 2014 3466 1a3
2046 3416 2149 3466 Ago
2182 3417 2270 3456 fnit
2302 3426 2323 3455 e
2353 3426 2466 3457 corr.

228 3476 329 3523 Di,
363 3480 400 3515 οε
430 3476 493 3515 iia
523 3476 846 3525 cancrinum
879 3475 1013 3515 detur
1042 3474 1142 3524 Aoeo
1177 3472 1398 3524 G⁹⁶.5e;
1430 3475 1533 3524 Ago
1566 3480 1634 3516 est
1665 3471 2097 3519 constitutusF'ii..
2160 3471 2208 3525 b)
2241 3472 2471 3515 aemon.

229 3532 276 3586 c)
309 3534 551 3575 Foroiulio
582 3533 623 3574 A
657 3535 705 3584 23
737 3534 961 3575 Foroiulii
995 3533 1036 3574 G
1068 3534 1109 3575 8.
1232 3531 1280 3585 d)
1311 3533 1413 3582 Ago
1445 3533 1486 3574 A
1521 3536 1560 3574 1.
1684 3532 1728 3584 e)
1765 3532 1945 3574 Gradus
1977 3533 2018 3573 D
2053 3534 2093 3574 1.
2128 3533 2165 3572 F
2199 3535 2240 3572 1.
2276 3530 2318 3572 G
2351 3533 2391 3573 1.
2427 3531 2471 3572 8.

225 3593 291 3643 1.;
326 3594 563 3642 ingressus
597 3591 696 3634 Gn.
816 3590 851 3644 f)
886 3593 1110 3633 antecitus
1144 3593 1184 3632 A
1214 3593 1253 3633 1.
1377 3590 1422 3643 c)
1458 3591 1727 3633 Grimualdo
1760 3590 1800 3631 A
1820 3592 1860 3632 Β.
1981 3590 2030 3643 h)
2065 3601 2167 3631 cum
2202 3589 2243 3631 G
2273 3592 2329 3639 43
2363 3590 2475 3639 quia

230 3662 344 3693 eum
363 3651 411 3693 0.
432 3652 488 3695 D.
507 3652 530 3692 1
550 3652 589 3694 1.
682 3649 717 3702 i)
749 3652 919 3701 reliqua
948 3651 1075 3701 hujus
1105 3661 1201 3700 cap.
1234 3650 1336 3699 dee„
1369 3651 1511 3701 spatio
1544 3651 1745 3690 dimidiae
1775 3651 1996 3690 columnae
2028 3660 2163 3691 vacuo
2194 3649 2340 3690 relicto
2371 3649 2409 3689 E
2432 3651 2472 3689 1.

226 3710 281 3760 k)
314 3711 378 3750 iia
410 3709 451 3750 A
486 3712 508 3750 1
541 3710 617 3750 hoc
646 3710 761 3761 loco,
791 3709 1025 3750 Forueiuli
1057 3708 1098 3750 A
1132 3710 1180 3759 83
1210 3709 1418 3750 Foroiuli
1448 3710 1513 3749 vel
1543 3709 1769 3750 Foroiulii
1801 3707 1900 3750 AS.
1933 3709 1970 3748 F
1989 3711 2029 3761 1,
2062 3709 2153 3750 alii.
2276 3707 2311 3760 1)
2344 3708 2477 3748 Tune

227 3769 280 3812 Ο.
316 3769 375 3810 D.
407 3769 459 3811 F.
495 3769 550 3811 G.
582 3770 641 3811 Η.
672 3769 711 3810 1.
874 3766 937 3820 m)
970 3768 1227 3809 Avarorum
1273 3768 1307 3809 G
1339 3764 1397 3812 ‘1.
1433 3770 1471 3809 1.
1624 3765 1672 3819 n)
1708 3778 1930 3809 cacanum
1979 3766 2019 3808 G
2052 3769 2092 3819 8,
2139 3778 2254 3808 corr.
2303 3776 2476 3807 cacano

226 3829 272 3870 D
310 3829 380 3871 la..
415 3827 456 3869 G
485 3827 529 3870 4.
621 3824 667 3879 o)
699 3827 908 3868 Foroiuli
938 3826 975 3865 F
997 3828 1037 3869 1.
1141 3825 1189 3879 p)
1223 3827 1396 3868 bellum
1428 3828 1463 3869 0
1485 3830 1532 3877 13
1564 3829 1844 3878 proten-eret
1874 3827 1909 3866 F
1929 3828 1978 3876 13
2010 3828 2290 3877 perterreret
2318 3825 2474 3867 PM.

228 3887 273 3928 G
310 3887 441 3928 1-4,
475 3882 538 3929 ’8.
571 3886 651 3936 ⁶²3
682 3889 946 3938 procuteret
978 3885 1019 3927 G
1050 3885 1118 3927 ⁶0.
1240 3885 1287 3937 q)
1321 3887 1383 3926 ita
1414 3886 1456 3926 A
1475 3886 1603 3927 1-5.
1637 3886 1673 3925 F
1694 3888 1730 3926 1.
1766 3884 1807 3926 G
1833 3886 1886 3935 43
1917 3885 2107 3926 Flavius
2138 3896 2253 3926 corr.
2284 3883 2477 3925 Flovius

224 3944 273 3988 G
307 3948 360 3995 ις
391 3945 584 3986 Fluvlus
616 3944 717 3986 Ae.
750 3946 807 3986 B.
843 3944 893 3986 Ο.
924 3945 983 3986 D.
1016 3944 1111 3984 1⁸4.
1147 3943 1243 3986 G8.
1281 3945 1322 3987 8.
1354 3945 1456 3986 Ηῑ.
1488 3946 1582 3995 11;
1613 3945 1809 3986 Pluinne
1840 3943 1881 3984 A
1913 3941 1973 3985 ‘8.
2066 3942 2107 3995 r)
2140 3943 2349 3984 exercitu
2378 3942 2475 3983 Fi.

226 4002 270 4055 e)
307 4005 420 4044 deese
452 4003 492 4044 G
526 4005 568 4045 1.
687 4002 723 4056 t)
755 4007 921 4055 proetr.
958 4025 1010 4034 -
1041 4002 1166 4045 vuln.
1201 4004 1286 4046 dee.
1316 4005 1339 4045 1
1374 4005 1416 4044 1.
1450 4006 1518 4044 la.
1554 4000 1616 4047 α’.
1754 4001 1802 4053 ιι)
1836 4002 2037 4043 secundo
2069 4014 2113 4044 v.
2145 4003 2239 4043 iam
2273 4000 2313 4041 G
2347 4001 2392 4040 1.
2428 4000 2478 4050 Ως

225 4064 329 4104 iam
359 4064 470 4102 dem
501 4061 542 4102 A
574 4062 616 4102 8.
652 4061 693 4103 G
727 4061 781 4103 ·5.
930 4061 976 4110 v)
1011 4062 1165 4103 multis
1197 4063 1233 4102 F
1268 4065 1307 4103 1.
1342 4062 1383 4104 G
1418 4064 1459 4103 1.
1495 4064 1548 4112 ὓς
1594 4063 1705 4102 decet
1738 4062 1778 4103 G
1809 4062 1852 4103 8.
2002 4058 2064 4112 w)
2095 4059 2332 4102 naucitatis
2362 4059 2399 4099 F
2437 4059 2475 4099 1.

229 4121 275 4163 G
312 4124 353 4163 1.
391 4123 429 4163 8.
483 4144 535 4153 —
581 4123 678 4162 sive
708 4122 903 4172 peremti
948 4124 1056 4160 sunt
1104 4122 1139 4160 F
1175 4123 1216 4161 1.
1366 4120 1415 4171 x)
1447 4122 1595 4171 possit
1624 4121 1768 4161 eadem
1797 4131 1930 4162 manu
1976 4131 2089 4162 corr.
2133 4119 2313 4170 possint
2345 4116 2386 4157 A
2421 4117 2479 4168 13

220 4182 381 4232 possit
425 4178 466 4220 A
495 4180 539 4222 4.
590 4179 631 4221 G
663 4180 796 4229 1-43
845 4182 1036 4231 possent
1080 4190 1100 4219 e
1131 4191 1244 4220 corr.
1278 4180 1320 4220 D
1356 4181 1394 4231 1,
1427 4185 1464 4220 et
1494 4180 1557 4220 ita
1587 4180 1713 4221 ceteri
1756 4180 1814 4234 D,
1859 4179 1953 4220 alii.
2103 4177 2151 4231 y)
2187 4176 2314 4218 Abiit
2360 4174 2403 4215 A
2436 4176 2480 4219 2.

220 4238 270 4291 z)
306 4239 503 4290 Impone
537 4238 578 4279 G
609 4239 649 4280 8.
681 4239 722 4279 8.
756 4239 797 4278 4.
833 4259 884 4270 -
918 4238 1081 4278 ducem
1112 4238 1149 4277 F
1184 4241 1225 4279 1.
1261 4237 1302 4279 G
1336 4240 1376 4282 1.
1410 4238 1449 4280 2.

222 4368 287 4442 1)
328 4338 559 4424 ‘F'cuvim
597 4369 854 4441 Frigidus
891 4368 951 4422 in
988 4371 1124 4423 valle
1175 4368 1425 4436 Wippach
1446 4368 1759 4436 provinciae
1798 4367 1995 4422 Krain.
2072 4368 2185 4419 ΒΕ.

1915 4470 1980 4519 13

2494 3022 2512 3041 ’
2527 3037 2573 3077 p.
2609 3024 2708 3068 1⁶8.
