3042 4909
418 1859 494 1914 ‘p.
527 1864 626 1905 186.

651 431 757 480 240
946 429 1166 480 PAULI
1204 429 1551 481 HISTORIA
1592 429 2265 481 LANGOBARDORUM.
2343 427 2487 480 LIB.
2531 430 2632 480 VI.

647 598 715 660 in
755 595 897 661 loco
941 596 1388 682 Agiprandum
1403 606 1450 678 ²¹,
1496 618 1683 659 suum
1725 619 1806 660 ne
1856 606 2045 679 otem,
2091 597 2435 660 constituit.
2526 596 2700 661 Cum
2743 619 2904 661 vero

646 682 1085 746 Beneventum
1130 690 1519 765 properaret,
1567 679 1809 745 Gotsca
1835 701 1945 744 cus
1958 681 2007 761 ¹³,
2069 680 2291 744 auditu
2309 691 2334 723 ⁰
2397 680 2536 744 eius
2586 680 2904 760 adventu,

645 787 876 829 navem
934 762 1409 828 conscendered
1451 773 1647 849 atque
1698 764 1767 826 in
1812 763 2109 829 Greciam
2153 764 2417 848 fugeree
2459 762 2729 828 molitus
2788 774 2906 828 est.

646 849 776 928 Qui
817 857 1159 935 postquam
1200 868 1467 911 uxorem
1499 856 1564 911 et
1609 848 1876 912 cunctas
1931 846 2387 934 supellectilem
2431 869 2619 911 suam
2651 849 2720 910 in
2751 850 2914 912 navi

645 933 1034 1017 inposuisset
1076 941 1139 996 et
1195 931 1539 996 novissime
1596 932 1618 994 i
1668 943 1780 996 seg
1835 932 2184 997 ascendere
2223 929 2430 1013 vellet,
2486 932 2912 997 inruentibus

645 1016 1114 1081 Beneventanis
1132 1016 1180 1097 ¹¹,
1207 1013 1439 1079 Gisulfi
1460 1014 1632 1079 fideli
1680 1038 1774 1097 us,
1811 1017 2130 1080 extinctus
2153 1025 2267 1081 est.
2332 1015 2519 1080 Uxor
2540 1036 2701 1079 sane
2727 1014 2912 1080 illius

643 1120 789 1162 cum
834 1098 1127 1164 omnibus
1171 1100 1367 1185 quaei
1423 1097 1703 1164 habebat
1744 1098 2365 1186 Constantinopolim
2405 1097 2699 1184 perlata¹⁸
2748 1110 2875 1165 est.

813 1184 948 1248 58.¹
1036 1183 1220 1246 Tunc
1263 1205 1379 1247 rex
1421 1183 1948 1269 Liutprandumm
1992 1184 2430 1248 Beneventum
2488 1184 2909 1269 pervenienS,

648 1266 967 1332 Gisulfum
980 1279 1030 1349 ¹¹,
1086 1288 1271 1330 suum
1330 1276 1667 1353 nepotem,
1725 1269 1953 1331 iterum
2014 1268 2081 1330 in
2136 1265 2279 1331 loco
2336 1269 2598 1353 proprio
2663 1267 2910 1332 ducem

647 1351 976 1415 constituit
994 1364 1037 1413 ¹.
1143 1348 1488 1449 Rebusque
1554 1352 1643 1414 ita
1709 1351 2057 1437 conpositis
2074 1362 2121 1433 ⁰,
2184 1349 2269 1414 ad
2330 1373 2518 1415 suum
2577 1349 2908 1436 palatium

642 1436 970 1500 remeavit.
1056 1434 1184 1498 Hic
1227 1435 1722 1519 glorlosissimus
1763 1457 1881 1499 rex
1937 1434 2170 1498 multas
2211 1434 2279 1497 in
2324 1432 2563 1498 Christi
2603 1433 2866 1499 honore
2883 1447 2910 1488 Ρ

644 1540 762 1603 per
803 1518 1056 1604 singula
1083 1515 1225 1581 loca
1251 1517 1367 1581 ubi
1395 1517 1628 1604 degere
1672 1517 1918 1583 solebat
1958 1516 2259 1582 basilicas
2301 1518 2681 1582 construxit.
2775 1519 2909 1582 Hic

647 1603 1101 1666 monasterium
1166 1602 1340 1666 beati
1404 1603 1618 1666 Petris
1734 1601 1906 1687 quod
1972 1601 2143 1665 foras
2209 1623 2425 1665 muros
2440 1613 2464 1643 ¹·
2528 1601 2903 1666 Ticinensis

649 1685 923 1749 civitatis
939 1696 960 1727 ⁸
1007 1686 1199 1748 situm
1245 1695 1342 1749 est
1384 1694 1448 1749 et
1491 1651 1758 1749 Caeium
1803 1685 2092 1750 Aureum
2133 1683 2509 1772 appellatur,
2554 1686 2850 1750 instituit
2861 1698 2902 1749 ².

644 1768 723 1831 In
779 1790 1031 1832 summa
1088 1788 1344 1854 quoque
1386 1768 1704 1833 Bardonis
1754 1768 1966 1855 Alpe³
2009 1769 2465 1834 monasterium
2520 1768 2703 1855 quod
2744 1769 2904 1834 Ber·

647 1856 890 1916 cetum‘
945 1851 1178 1915 dicitur
1238 1851 1602 1917 aedificavit
1615 1863 1662 1917 ⁴.
1757 1853 1834 1916 In
1903 1851 2157 1918 Olonna
2173 1864 2200 1895 ¹²
2259 1852 2674 1916 nihilominus
2743 1857 2770 1881 ²⁶
2786 1875 2902 1917 suo

694 1936 968 2000 roastiov
1044 1937 1205 1998 miro
1272 1957 1465 2021 opere
1531 1937 1599 1999 in
1646 1935 1887 2001 honore
1950 1938 2151 2001 sancti
2207 1935 2528 2000 Anastasii
2593 1938 2902 2023 martyris

707 2019 960 2083 hristow
1007 2018 1402 2083 domicilium
1459 2023 1700 2103 statuit,
1757 2022 1825 2084 in
1870 2041 1996 2108 quo
2053 2029 2117 2084 et
2173 2021 2676 2085 monasterium¹
2727 2021 2900 2086 fecit.

645 2104 797 2168 Pari
840 2104 1032 2169 etiam
1075 2102 1267 2167 modo
1325 2103 1526 2168 multa
1566 2127 1683 2190 per
1716 2103 1859 2168 loca
1902 2102 2153 2189 singula
2207 2104 2473 2169 divina?
2516 2104 2766 2191 templa
2811 2107 2901 2168 in-

649 2188 871 2252 stituit.
957 2188 1134 2252 Intra
1177 2210 1365 2252 suum
1409 2209 1665 2274 quoque
1709 2186 2020 2274 palatium
2078 2188 2405 2252 oraculum
2450 2186 2699 2252 domini
2761 2187 2899 2253 Sal-

646 2272 884 2335 vatoris
926 2270 1325 2336 aedificavit²
1366 2281 1430 2335 et
1473 2271 1647 2370 quod
1690 2271 1849 2335 nulli
1890 2270 2000 2335 alii
2041 2294 2225 2356 reges
2266 2270 2640 2353 habuerant,
2689 2294 2900 2338 sacer·

648 2354 830 2419 dotes
861 2364 924 2419 et
966 2353 1228 2419 clericos
1270 2355 1563 2437 instituit,
1611 2356 1719 2442 qui
1757 2356 1816 2420 ei
1861 2355 2096 2420 cotidie
2140 2354 2358 2419 divina
2401 2355 2618 2419 officia
2661 2355 2899 2420 decan-

646 2448 872 2503 tarent.
968 2439 1179 2503 Huius
1237 2441 1406 2524 regis
1425 2449 1452 2481 ¹¹
1508 2439 1907 2524 temporibus
1963 2439 2086 2502 fuit
2141 2440 2210 2502 in
2259 2438 2401 2503 loco
2460 2440 2568 2502 cui
2608 2440 2898 2504 Forumb

649 2581 695 2632 a)
723 2582 1041 2633 Agibrandum
1073 2583 1113 2623 A
1145 2584 1187 2625 3.
1220 2584 1287 2633 D;
1320 2582 1595 2633 Api-andum
1625 2584 1662 2623 Γ
1696 2584 1737 2634 1,
1776 2589 1879 2633 poet
1909 2595 2024 2626 corr.
2057 2582 2400 2635 Anapi-andum,
2432 2589 2470 2623 et
2501 2584 2564 2623 ita
2595 2585 2634 2624 F
2668 2581 2736 2625 ·2.
2768 2586 2818 2627 4.
2851 2586 2893 2628 ⁵.
2977 2590 2978 2627 ἶ

650 2642 692 2683 G
724 2645 765 2684 1.
803 2644 841 2682 2.
873 2642 953 2693 5c3
986 2642 1312 2683 Anchi-andum
1345 2642 1386 2682 G
1418 2642 1488 2682 5⁸.
1638 2640 1687 2694 b)
1718 2643 1782 2681 ita
1814 2643 1891 2682 hoc
1919 2643 2011 2682 loco
2058 2642 2098 2683 A
2133 2645 2173 2682 1.
2220 2643 2257 2682 F
2291 2644 2331 2683 1.
2367 2642 2423 2695 G,
2469 2643 2572 2692 αῑίἰς
2623 2642 2895 2685 Gotstalcus

650 2701 690 2740 A
725 2702 772 2749 23
805 2700 1105 2742 Gotsscalcus
1137 2702 1161 2740 1
1194 2703 1243 2750 13
1275 2700 1586 2741 Godcscalcus
1617 2702 1661 2740 D
1694 2702 1734 2742 2.
1767 2701 1808 2742 3.
1958 2698 2001 2752 c)
2033 2701 2096 2740 ita
2128 2701 2168 2741 A
2200 2703 2241 2742 1.
2272 2702 2314 2742 2.
2346 2703 2384 2741 F
2417 2704 2458 2742 1.
2494 2700 2536 2741 G
2569 2704 2610 2744 1.
2642 2704 2699 2752 2;
2731 2705 2894 2745 andito

649 2760 785 2800 ceteri.
939 2756 984 2810 d)
1015 2760 1345 2801 conscenderet
1372 2759 1410 2800 Ρ
1445 2761 1485 2800 1.
1523 2761 1562 2798 G
1596 2761 1637 2799 1.
1673 2761 1711 2801 2.
1862 2757 1907 2809 c)
1936 2758 2086 2809 fugire
2119 2759 2160 2801 G
2194 2762 2236 2799 1.
2272 2761 2314 2800 2.
2463 2758 2503 2811 s)
2534 2761 2599 2800 ita
2629 2760 2673 2800 A
2709 2763 2748 2803 2.
2779 2763 2822 2802 Ι·“
2857 2765 2898 2805 1.

652 2817 692 2857 G
725 2820 765 2859 1.
797 2818 853 2867 2;
885 2821 1097 2858 cunctam
1127 2819 1267 2858 ceteri.
1418 2815 1463 2869 g)
1492 2818 1575 2857 ille
1608 2817 1658 2858 O.
1690 2819 1750 2859 D.
1899 2816 1948 2870 h)
1976 2819 2270 2859 Bcnventani
2300 2819 2337 2858 F
2370 2819 2413 2862 1.
2560 2817 2598 2870 i)
2631 2820 2749 2859 deest
2779 2821 2824 2861 A
2857 2824 2897 2863 2.

652 2877 706 2916 F.
741 2876 781 2915 G
800 2876 822 2913 1
859 2878 901 2918 2.
1021 2875 1071 2927 k)
1103 2878 1329 2925 prolatam
1350 2875 1391 2915 G
1412 2879 1452 2917 1.
1575 2875 1612 2929 l)
1643 2877 1720 2916 hoc
1748 2887 1845 2926 cap.
1874 2878 2146 2926 praecedenti
2173 2877 2417 2926 adjnmqune
2447 2876 2491 2916 A
2508 2879 2549 2918 2.
2569 2878 2613 2919 3.
2631 2879 2668 2917 F
2687 2877 2814 2919 ’2.4.
2838 2880 2892 2922 G.

656 2931 721 2985 m)
751 2934 815 2972 ita
846 2932 887 2973 A
920 2935 961 2974 1.
995 2935 1032 2973 F
1066 2936 1116 2984 13
1147 2935 1461 2985 Liutprsndus
1490 2939 1583 2973 cett.
1720 2934 1768 2987 n)
1798 2936 1910 2975 deest
1942 2935 1983 2975 G
2016 2937 2058 2978 2.
2192 2934 2238 2986 o)
2273 2937 2519 2986 conposuit
2547 2938 2584 2976 F
2619 2940 2662 2977 1.
2699 2937 2744 2978 G
2775 2941 2819 2978 1.
2853 2941 2893 2979 2.

650 2992 703 3045 p)
731 2992 953 3032 honorem
985 2991 1025 3032 A
1060 2994 1100 3032 2.
1131 2994 1170 3032 E
1205 2994 1245 3034 1.
1276 2994 1326 3032 F.
1360 2993 1415 3034 G.
1447 2994 1492 3032 Η
1527 2994 1566 3031 1.
1596 2994 1620 3032 1
1653 2995 1696 3032 1.
1846 2992 1895 3046 q)
1927 2995 2037 3033 deest
2068 2993 2109 3034 A
2140 2995 2184 3035 8.
2334 2993 2375 3046 r)
2407 3006 2588 3035 murum
2621 2997 2658 3035 F
2696 2999 2743 3038 1.
2774 2997 2818 3038 G
2851 3000 2890 3038 2.

648 3049 690 3103 s)
722 3061 760 3090 c.
791 3060 829 3091 s.
863 3054 932 3090 cst
960 3051 1047 3091 des.
1082 3050 1124 3091 G
1155 3053 1195 3092 1.
1344 3050 1379 3103 t)
1412 3052 1669 3092 Bercedum
1702 3051 1744 3093 G
1775 3054 1816 3092 1.
1846 3054 1902 3102 43
1933 3055 2184 3093 Bet-cecum
2219 3052 2261 3094 G
2293 3055 2372 3104 δας
2402 3055 2701 3095 Bertccctum
2734 3057 2779 3095 Η
2810 3056 2893 3106 ὄις

645 3110 893 3149 Boi-cetum
926 3109 966 3149 A
987 3106 1050 3152 ’3.
1169 3108 1218 3161 ιι)
1250 3110 1298 3149 in
1328 3109 1368 3150 A
1387 3111 1406 3148 1
1442 3111 1525 3159 1091·
1553 3112 1728 3161 aequin
1759 3110 1991 3152 olonnam
2024 3111 2066 3152 G
2085 3113 2134 3160 2;
2167 3110 2365 3152 Olomna
2393 3111 2504 3163 ΑΜ
2537 3112 2726 3154 Olonno
2760 3114 2893 3164 θὼς

649 3166 815 3208 Ollana
860 3168 904 3206 D
936 3169 984 3217 23
1031 3167 1234 3209 Ollanna
1279 3169 1322 3208 D
1355 3170 1396 3209 3.
1442 3170 1481 3209 B
1513 3170 1567 3219 43
1612 3170 1834 3210 Holonna
1876 3171 2019 3225 1³2⁸.
2054 3169 2096 3210 G
2124 3170 2178 3220 43
2222 3171 2426 3211 Holonia
2473 3171 2514 3211 G
2545 3172 2628 3222 5c3
2673 3173 2891 3213 Nolanus

650 3226 685 3267 C
719 3227 769 3276 13
814 3227 997 3267 Nolana
1027 3228 1051 3266 1
1084 3229 1124 3266 1.
1272 3227 1321 3277 v)
1353 3228 1570 3278 prastltio
1603 3229 1639 3269 C
1673 3231 1711 3271 1.
1745 3230 1786 3269 2.
1823 3230 1867 3268 D
1900 3231 1943 3268 1.
1974 3229 1998 3267 1
2031 3230 2083 3278 13
2133 3230 2363 3278 pronti-10
2394 3230 2437 3269 D
2471 3231 2523 3279 23
2568 3231 2891 3280 proles-amine

651 3284 693 3325 G
723 3285 862 3335 διας
893 3287 1085 3336 proprio
1116 3298 1138 3325 e
1166 3298 1281 3328 corr.
1314 3287 1352 3326 Ρ
1385 3288 1425 3335 1,
1455 3291 1494 3326 ct
1524 3287 1586 3327 ita
1618 3288 1656 3326 F
1688 3287 1730 3329 5.
1763 3289 1787 3327 1
1818 3288 1861 3328 2.
1896 3308 1948 3318 —-
1982 3297 2066 3327 suo
2096 3288 2208 3327 deest
2238 3285 2357 3329 A‘8.
2478 3288 2541 3340 w)
2574 3288 2748 3329 Christi
2780 3290 2817 3331 O
2850 3294 2889 3330 1.

651 3343 693 3385 G
724 3346 765 3386 2.
800 3364 852 3372 -
887 3345 1123 3386 domicilio
1155 3345 1196 3385 G
1230 3347 1272 3385 1.
1404 3344 1453 3397 x)
1483 3348 1790 3386 monasterius
1824 3346 1865 3387 G
1898 3348 1940 3386 1.
2090 3344 2138 3397 y)
2173 3346 2370 3387 divinita
2402 3346 2444 3387 G
2474 3348 2532 3397 23
2561 3348 2629 3387 vel
2656 3349 2738 3387 hoc
2767 3360 2891 3388 voca-

649 3402 792 3442 bulum
822 3404 887 3442 vel
915 3405 1101 3454 singula
1128 3405 1239 3444 deest
1270 3403 1311 3443 G
1346 3406 1389 3444 1.
1542 3404 1585 3456 z)
1617 3406 1819 3446 instituit
1866 3404 1907 3444 G
1940 3407 1980 3444 1.
2016 3406 2055 3444 2.
2206 3402 2253 3456 ι)
2283 3406 2353 3445 rei
2396 3407 2433 3445 F
2466 3407 2507 3447 1.
2544 3405 2586 3446 G
2616 3408 2660 3447 2.
2693 3407 2746 3456 83
2790 3409 2889 3457 regi

650 3460 691 3502 G
724 3464 775 3513 13
804 3464 1024 3512 temporis
1056 3462 1098 3503 G
1131 3465 1174 3506 2.
1206 3462 1251 3504 8.
1367 3461 1416 3513 b)
1448 3464 1569 3504 Foro
1603 3463 1644 3503 G
1676 3465 1716 3503 1.
2531 3484 2537 3488 ·

654 3571 715 3638 1)
756 3573 909 3635 Quod
946 3593 990 3626 c.
1034 3574 1155 3626 742.
1199 3577 1414 3642 factum
1471 3593 1537 3628 ex
1593 3574 1969 3641 diplomatibus
2026 3584 2246 3628 constat.
2344 3574 2427 3644 Of.
2465 3574 2666 3629 Hir-sch
2694 3595 2739 3643 p
2796 3579 2881 3628 39.

652 3645 712 3712 2)
753 3646 833 3711 (θ’.
882 3646 1081 3698 Ottonis
1120 3647 1233 3699 ΙΙΙ.
1274 3649 1428 3714 dipl„
1475 3647 1701 3715 Stampf
1742 3648 1844 3700 No.
1886 3651 2009 3711 923,
2064 3657 2111 3700 et
2149 3647 2424 3714 Mabillon,
2471 3648 2613 3701 Απη.
2663 3650 2799 3702 Ben.
2847 3652 2880 3703 l.

649 3718 768 3782 XX,
807 3736 851 3770 c.
890 3721 958 3770 53
1001 3719 1108 3783 (II,
1137 3739 1201 3786 p.
1241 3723 1355 3787 66).
1560 3720 1620 3787 3)
1658 3723 1986 3772 Barturberk
2034 3720 2404 3788 superscripsit
2454 3720 2599 3788 Emit.
2642 3720 2880 3775 Scletsta·

650 3788 866 3842 diensis.
1015 3792 1076 3859 4)
1116 3794 1241 3844 Nou
1267 3794 1599 3856 conditorem,
1641 3795 1735 3845 sed
1758 3804 2023 3846 auctorem
2058 3793 2366 3846 monasterii
2393 3794 2604 3847 Berceti
2632 3793 2691 3845 in
2715 3803 2877 3846 monte

649 3863 964 3915 Bardonum
1002 3864 1399 3932 Liutprandum
1434 3884 1609 3935 reyem
1646 3883 1710 3920 ex
1744 3867 1901 3933 ⁸qestis
1927 3865 2265 3919 Moderamni
2301 3865 2533 3934 episcopi
2558 3865 2874 3920 Redonemis

652 3952 687 3986 a
722 3935 1038 3989 Frodoardo
1088 3937 1326 3989 narratis
1363 3940 1452 3991 lib.
1492 3939 1542 4004 I,
1581 3957 1699 4006 cap.
1741 3941 1829 3990 20.
1859 3940 2053 4006 probat
2092 3938 2280 4006 optime
2311 3939 2657 3991 Mobillonius
2692 3939 2752 3991 in
2788 3957 2872 3990 an·

649 4007 861 4062 malibus
899 4019 1019 4062 tom.
1076 4009 1158 4074 II,
1213 4028 1264 4061 a.
1308 4012 1411 4062 718
1464 4011 1572 4076 (II,
1601 4030 1665 4078 p.
1704 4013 1820 4076 51),
1872 4011 2108 4078 illudque
2158 4010 2218 4063 in
2269 4012 2515 4064 honorem
2559 4030 2605 4064 s.
2643 4009 2872 4063 Abundii

650 4081 899 4149 martyris
939 4089 1097 4134 antea
1140 4090 1503 4146 constructum,
1534 4093 1724 4150 postea
1775 4085 1834 4135 in
1885 4085 2129 4136 honorem
2174 4102 2217 4136 s.
2269 4083 2512 4154 Remigii,
2564 4085 2712 4151 cujus
2756 4083 2866 4136 reb·-

651 4155 806 4219 quias
845 4172 872 4207 e
911 4154 1154 4207 Romami
1201 4157 1515 4208 monasterio
1556 4157 1934 4209 Moderamnus
1971 4154 2032 4207 in
2072 4154 2288 4208 Italiam
2339 4158 2647 4220 contulerat,
2698 4165 2746 4207 et
2781 4156 2866 4207 mi·
2917 4196 2920 4201 .

650 4228 833 4277 raculo
870 4228 1097 4278 monitus
1125 4227 1319 4280 ibidem
1356 4230 1692 4294 deposuerat,
1730 4230 1810 4279 ita
1835 4229 2207 4298 Isiutprandus
2244 4229 2396 4297 reyia
2433 4229 2748 4282 liberalitate
2770 4245 2868 4296 per

652 4315 806 4348 suum
842 4300 1079 4365 diploma
1117 4299 1264 4351 bonis
1303 4310 1352 4353 et
1390 4301 1643 4369 aedificiis
1681 4301 1890 4367 ditavit,
1927 4310 1986 4352 ut
2026 4320 2061 4352 a
2098 4310 2275 4355 nostro
2314 4301 2600 4354 conditoris
2639 4302 2745 4352 loco
2781 4302 2867 4353 Ιια-

651 4371 854 4422 beatur.
929 4374 1024 4422 BI.
