3042 4909
534 403 638 452 118
818 399 1039 451 PAULI
1068 396 1429 449 'HISTORIA
1465 396 2145 449 LANGOBARDORUM.
2222 395 2367 446 LIB.
2408 396 2518 446 111,

532 568 775 634 eisdem
818 564 1098 633 tradidit.
1185 566 1399 646 Quam
1457 564 1542 628 ob
1588 585 1850 628 causam
1905 585 2117 628 comes
2159 561 2737 647 Langobardorum
2754 574 2782 604 ¹¹

532 653 612 718 de
655 649 945 736 Lagareb
965 662 1008 732 ¹,
1063 647 1292 734 Ragilo
1312 660 1336 692 c
1380 648 1656 729 nomine,
1710 646 2003 733 Anagnis
2046 648 2308 712 veniens
2353 645 2780 732 depraedatus

533 746 645 802 est.
697 736 827 816 Qui
857 732 1013 797 dum
1045 755 1191 797 cum
1220 732 1462 819 praeda
1488 732 1972 812 revertereturd,
2001 731 2071 794 in
2100 752 2330 817 campo
2358 729 2678 796 Rotaliani
2695 742 2737 774 ⁰·
2758 742 2783 775 ²

532 820 615 885 ab
671 818 865 884 obvio
910 818 1036 882 sibi
1089 816 1251 881 duce
1294 818 1693 880 Francorum
1741 813 2222 881 chramnichisf
2293 836 2443 878 cum
2485 812 2779 900 pluribus

533 926 568 968 e
611 903 743 966 suis
788 911 1157 987 peremptus
1202 910 1315 964 est.
1403 899 1534 980 Qui
1579 899 2023 963 chramnichis
2078 920 2209 963 non
2260 897 2581 962 multum&
2634 910 2784 985 post

532 997 788 1072 tempus
846 984 1224 1050 Tridentum
1282 985 1545 1048 veniens
1600 982 1958 1048 devastavit
1970 984 2018 1047 ¹¹.
2114 983 2326 1063 Quem
2384 982 2780 1069 subsequens

533 1070 743 1134 Euini
775 1069 1189 1133 Tridentinus
1217 1069 1369 1145 dux,
1414 1068 1482 1130 in
1509 1065 1652 1131 loco
1685 1067 1794 1153 qui
1826 1065 2159 1132 Salurnis¹¹
2203 1066 2439 1133 dicitur
2467 1067 2599 1130 suis
2630 1088 2780 1130 cum

536 1154 724 1218 sociis
767 1152 1086 1217 interfecit
1125 1151 1561 1237 praedamque
1620 1172 1874 1215 omnem
1928 1151 2121 1235 quam
2174 1160 2433 1237 ceperat
2475 1151 2780 1215 excussit.

533 1236 1008 1323 Expulsisque¹
1062 1238 1350 1318 Francis,
1396 1234 1843 1299 Tridentinum
1885 1235 2276 1298 territorium
2317 1235 2577 1321 recepit.

706 1322 803 1384 10.
890 1321 1038 1384 Hoc
1089 1330 1416 1419 tempore⁸
1464 1319 1861 1416 Sigispertus
1918 1341 2035 1383 rex
2076 1318 2475 1382 Francorum
2532 1319 2783 1382 occisus

535 1414 634 1468 est
674 1403 898 1468 fraude
941 1403 1257 1489 Hilperici
1269 1415 1329 1485 ¹¹¹,
1375 1423 1666 1489 germam
1708 1403 1837 1483 sui,
1895 1424 2042 1465 cum
2087 1424 2213 1488 quo
2256 1400 2496 1467 bellum
2539 1402 2784 1484 inierat,

534 1509 931 1573 regnumque
962 1488 1099 1552 eius
1132 1486 1631 1572 childepertusn,
1676 1485 1962 1550 eiusdem
1992 1485 2181 1568 filius,
2212 1485 2425 1550 adhuc
2455 1484 2778 1571 puerulus,

536 1593 686 1634 cum
728 1569 1103 1636 Brunihilde
1121 1583 1146 1614 ⁰
1203 1579 1404 1635 matre
1459 1571 1816 1654 regendum
1874 1570 2175 1655 suscepit.
2259 1570 2477 1633 Euinv
2524 1591 2780 1656 quoque

536 1653 673 1718 dux
715 1654 1266 1737 Tridentinorum,
1324 1653 1403 1718 de
1449 1676 1576 1739 quo
1622 1655 2070 1741 praemisimus
2088 1666 2116 1700 ⁴
2128 1702 2144 1737 ,
2206 1655 2455 1738 accepit
2510 1675 2780 1718 uxorem

532 1737 729 1801 filiam
775 1737 1153 1803 Garibaldiq
1195 1739 1639 1802 Baioariorum
1682 1739 1872 1822 regis.

704 1822 803 1885 11.
890 1823 1016 1887 Per
1056 1821 1215 1887 haec
1260 1832 1550 1907 tempora
1592 1831 1752 1921 aput
1781 1819 2422 1907 Constantinopolim,
2467 1830 2540 1885 ut
2583 1842 2776 1906 supra

532 1906 958 1990 praemissum
1010 1918 1173 1990 est⁵,
1231 1906 1517 1971 Iustinus
1577 1927 1788 1969 mmor
1844 1905 2190 1991 regnabat,
2249 1906 2393 1967 vir*¹
2460 1906 2565 1968 inr
2610 1905 2784 1968 omni

538 1990 808 2055 avaritia
850 1989 1137 2072 deditus,
1183 2000 1582 2076 contemptor
1624 2011 2000 2087 pauperum,
2054 1997 2420 2053 senatorum
2462 1987 2785 2075 spoliator.

542 2071 665 2136 Oui
705 2080 883 2139 tanta
925 2073 1046 2139 fuit
1090 2075 1462 2160 cupiditatis
1519 2073 1732 2137 rables
1750 2085 1772 2116 ⁸
1792 2121 1810 2155 ‚
1867 2082 1940 2136 ut
1995 2094 2178 2136 arcas
2235 2073 2489 2138 iuberet
2545 2071 2782 2137 ferreas

539 2155 678 2221 fieri
694 2206 710 2239 ,
767 2158 836 2221 in
892 2157 1127 2245 quibus
1183 2180 1260 2223 ea
1316 2179 1480 2244 quae
1524 2157 1818 2256 rapiebat
1871 2159 2013 2220 auri
2064 2156 2303 2221 talenta
2352 2165 2723 2241 congereret
2745 2160 2784 2219 ².

542 2240 751 2321 Quem
795 2243 986 2306 etiam
1029 2243 1243 2307 ferunt
1294 2242 1361 2305 in
1412 2241 1688 2306 heresim
1731 2239 2144 2325 Pelagianam
2186 2239 2507 2325 dilapsum
2520 2252 2570 2303 ¹¹.
2655 2239 2785 2304 Hic

542 2346 686 2388 cum
704 2338 726 2370 ‘¹
770 2347 810 2389 a
826 2338 856 2370 v
901 2325 1134 2390 divinis
1176 2325 1494 2390 mandatis
1537 2346 1760 2390 aurem
1804 2323 2015 2388 cordis
2057 2334 2389 2406 averteret,
2440 2325 2612 2388 iusto
2657 2324 2786 2388 Dei

540 2407 776 2474 iudicio
834 2411 1069 2474 amisso
1126 2410 1433 2474 rationisW
1490 2407 1817 2474 intellectu
1874 2429 2095 2473 amens
2149 2407 2413 2473 effectus
2457 2416 2572 2472 est.
2657 2407 2787 2471 Hic

541 2491 871 2558 Tiberium
903 2515 1227 2559 caesarem
1255 2492 1547 2575 adscivit,
1593 2493 1705 2578 qui
1741 2493 1878 2557 eius
1898 2503 1923 2539 ⁸
1959 2491 2269 2577 palatium
2310 2492 2415 2557 vel
2457 2491 2739 2577 singulas
2757 2504 2789 2533 ¹

542 2577 909 2662 provincias
952 2578 1360 2662 gubernaret,
1405 2576 1730 2641 hominem
1774 2577 2040 2658 iustum,
2086 2574 2308 2641 utilem
2325 2588 2378 2660 ⁹,
2440 2586 2789 2658 strenuum,

541 2661 926 2745 sapientem,
986 2660 1482 2725 elimosinarium
1496 2672 1551 2742 Y,
1606 2661 1676 2723 in
1731 2659 1987 2724 iudiciis
2029 2681 2328 2745 aequum,
2385 2662 2453 2723 in
2510 2660 2791 2725 victoriis

543 2819 589 2872 a)
616 2821 856 2870 Languob.
905 2822 981 2861 hoc
1025 2823 1116 2861 loco
1146 2823 1184 2862 B
1220 2824 1261 2863 1.
1397 2820 1445 2871 b)
1478 2822 1686 2870 Largare
1731 2823 1767 2862 1⁴*
1804 2824 1844 2865 1.
1876 2824 1899 2862 1
1931 2823 1982 2872 83
2029 2822 2211 2871 Lagare
2258 2832 2374 2864 corr.
2420 2822 2626 2871 Lai-gare
2661 2821 2703 2863 G
2737 2825 2787 2871 13

542 2879 599 2919 de
629 2878 807 2928 negare
837 2880 902 2919 vel
932 2880 1147 2928 delegare
1178 2878 1220 2919 A
1251 2880 1293 2921 4.
1329 2879 1364 2921 c
1399 2883 1441 2922 1.
1472 2881 1547 2921 4b.
1584 2881 1626 2922 G
1662 2882 1711 2930 23
1755 2881 1876 2930 largi
1908 2881 2151 2922 revolvens
2185 2879 2226 2922 G
2259 2880 2333 2920 ab.
2354 2891 2406 2930 ος
2450 2881 2599 2929 Lang.
2634 2881 2681 2919 id
2712 2891 2786 2920 vo·

542 2938 646 2978 lens
680 2937 720 2978 G
752 2938 832 2987 5a;
878 2939 920 2977 D
956 2941 977 2977 1
1011 2939 1060 2978 in
1091 2950 1228 2988 mam-9.
1260 2940 1385 2988 siquo
1415 2951 1547 2989 super
1576 2940 1645 2980 La
1668 2941 1814 2990 posito
1845 2941 2036 2980 addidit:
2085 2949 2255 2980 nomen
2288 2940 2461 2990 oppidi,
2505 2940 2620 2978 unde
2650 2939 2692 2977 D
2728 2940 2785 2977 la

532 2996 667 3046 secie:
711 2997 759 3036 la
804 3006 975 3038 nomen
1024 2998 1183 3047 oppidi
1229 3007 1354 3047 gare.
1505 2997 1547 3050 c)
1580 2999 1758 3048 Ragelo
1804 2997 1847 3038 A
1877 2999 1918 3038 8.
2072 2997 2118 3050 d)
2151 3002 2492 3039 reverterentur
2520 2999 2556 3036 F
2592 2999 2630 3037 1.
2665 2997 2709 3036 4.
2741 2996 2785 3037 5.

546 3053 587 3095 G
619 3056 659 3094 1.
696 3056 735 3094 2.
770 3075 824 3086 --
855 3056 907 3094 in
953 3066 1116 3106 campo
1153 3078 1204 3086 —
1250 3057 1460 3106 pluribus
1507 3059 1665 3098 omissa
1706 3062 1808 3107 poet
1855 3058 1999 3107 suppl.
2033 3058 2076 3097 D
2112 3059 2149 3096 1.
2304 3056 2348 3105 e)
2378 3056 2624 3095 Rotaliano
2654 3056 2697 3094 D
2733 3057 2785 3105 1;

542 3113 794 3152 Rotialiam
825 3115 867 3153 D
887 3115 927 3155 2.
962 3115 1003 3155 8.
1123 3112 1160 3165 f)
1195 3114 1480 3155 Chi-amnicis
1511 3116 1552 3156 A
1572 3119 1620 3166 2;
1653 3116 1941 3157 cramnichis
1973 3115 2083 3166 A8;
2118 3116 2420 3156 chrannichis
2451 3115 2494 3153 D
2514 3116 2566 3165 23
2598 3114 2784 3155 Chram-

544 3171 667 3211 nidis
698 3172 741 3211 D
773 3172 824 3222 83
872 3172 1220 3213 charamnichis
1255 3173 1296 3214 G
1328 3174 1370 3215 3.
1404 3176 1455 3224 45
1506 3176 1825 3216 chramnichis
1859 3197 1913 3206 -
1961 3175 2282 3217 chramnichis
2312 3175 2399 3215 des.
2435 3172 2477 3214 G
2512 3175 2551 3225 2,
2583 3173 2658 3213 ubi
2687 3184 2785 3223 cap.

546 3232 618 3272 10.
642 3235 745 3279 post
776 3232 954 3272 occisus
987 3231 1066 3272 est'
1085 3232 1289 3272 additur:
1323 3244 1425 3274 cum
1455 3235 1579 3284 phe.
1613 3245 1650 3275 s.
1683 3245 1730 3284 p.
1765 3237 1859 3284 est3
1892 3234 1971 3283 qui
2005 3233 2300 3275 Gramnichis
2331 3244 2439 3274 non.
2563 3230 2609 3284 g)
2643 3233 2788 3273 multo

542 3300 656 3331 corr.
690 3290 883 3329 multum
913 3291 952 3330 B
989 3292 1027 3341 1,
1059 3290 1134 3329 ubi
1163 3295 1343 3341 tempus
1374 3293 1500 3334 decet.
1621 3290 1670 3344 h)
1703 3293 1975 3333 devastabat
2003 3292 2044 3332 A
2078 3293 2119 3333 8.
2154 3292 2194 3333 G
2228 3293 2269 3332 8.
2302 3293 2345 3333 4.
2468 3290 2502 3343 i)
2535 3291 2657 3332 Ebin
2688 3292 2726 3331 F
2745 3294 2788 3333 1.

545 3346 587 3387 G
619 3347 671 3397 83
718 3348 895 3390 Heuini
933 3354 1035 3399 post
1082 3360 1196 3389 corr.
1243 3352 1363 3391 Boin
1398 3350 1438 3391 G
1471 3354 1520 3402 13
1566 3353 1724 3393 Heuin
1757 3352 1798 3393 G
1832 3353 1908 3401 bc;
1956 3349 2160 3391 Aeuuini
2192 3350 2234 3392 G
2268 3352 2317 3400 2;
2363 3353 2483 3391 Eum
2515 3351 2557 3390 D
2593 3354 2632 3390 1.
2666 3350 2709 3392 8.
2742 3353 2786 3390 4.

542 3407 581 3447 Ε
617 3408 657 3447 1.
691 3428 745 3439 --
777 3408 1084 3449 Tridentanus
1115 3408 1156 3448 A
1190 3411 1230 3449 2.
1367 3407 1416 3459 k)
1450 3410 1680 3450 Sallurnis
1711 3410 1752 3451 A
1781 3412 1836 3460 43
1878 3410 2110 3450 Saliurnis
2140 3410 2186 3450 Η
2218 3411 2268 3460 1;
2308 3409 2518 3450 Salusnis
2551 3408 2593 3450 G
2623 3410 2675 3460 4;
2707 3410 2790 3449 Fa-

543 3465 693 3505 lurnis
724 3465 767 3506 A
798 3467 849 3516 23
892 3465 1113 3509 Salei-nus
1148 3467 1190 3508 G
1222 3466 1291 3509 5⁸.
1308 3468 1352 3510 b.
1377 3479 1416 3509 c.
1567 3468 1601 3519 1)
1634 3469 1922 3519 Expulsique
1952 3468 1992 3509 A
2027 3470 2068 3511 1.
2104 3470 2146 3509 2.
2178 3469 2216 3509 F
2251 3469 2290 3520 1,
2336 3469 2453 3518 quoa
2481 3470 2529 3508 in
2560 3470 2787 3519 archetypo

530 3524 677 3573 fuisse
702 3527 920 3576 putarim3
951 3527 1159 3576 Expulso
1191 3527 1323 3576 isque
1355 3527 1390 3568 c
1426 3529 1465 3567 1.
1588 3526 1651 3578 m)
1686 3527 1939 3578 chilperici
1969 3526 2011 3566 A
2044 3530 2085 3568 2.
2206 3529 2257 3582 n)
2288 3528 2353 3566 ita
2383 3526 2425 3566 A
2457 3528 2498 3566 1.
2535 3529 2575 3569 2.
2611 3528 2652 3568 8.
2683 3528 2722 3567 B
2743 3529 2787 3569 1.

540 3582 578 3622 F
613 3585 653 3624 1.
688 3583 730 3624 G
763 3586 900 3635 1-4;
933 3585 1257 3628 childebertus
1290 3584 1324 3626 c
1356 3588 1400 3626 1.
1431 3587 1474 3625 D
1510 3587 1551 3637 1,
1583 3587 1675 3626 alii.
1801 3585 1847 3638 ο)
1879 3587 1943 3625 ica
1975 3585 2015 3625 A
2050 3587 2102 3635 13
2133 3586 2436 3627 Brunichilde
2467 3587 2565 3627 Aa.
2599 3587 2637 3626 Β
2659 3588 2699 3627 1.
2735 3585 2787 3628 c.

535 3642 733 3692 plerique
767 3643 827 3682 D.
858 3642 921 3693 G3
967 3644 1251 3685 Brunehilde
1285 3642 1320 3684 c
1352 3642 1422 3694 Ἲς
1470 3645 1696 3686 Brunilde
1745 3643 1786 3684 A
1818 3642 1893 3694 ‘83
1938 3645 2198 3685 Brunhilde
2228 3645 2265 3684 F
2299 3648 2340 3687 1.
2488 3644 2538 3698 p)
2570 3646 2663 3686 Ein
2693 3645 2730 3684 F
2765 3648 2788 3684 1

541 3701 618 3740 hoc
648 3701 764 3750 loe03
810 3701 1015 3743 Aeuuini
1054 3708 1155 3752 post
1202 3714 1315 3743 corr.
1364 3704 1487 3743 Eoin
1523 3702 1564 3744 G
1599 3706 1640 3747 1.
1790 3701 1838 3755 q)
1874 3703 2105 3745 Garifaldi
2152 3704 2186 3745 c
2222 3706 2271 3752 13
2322 3703 2597 3754 Gariphaldi
2646 3704 2681 3745 c
2709 3701 2789 3754 '13

544 3757 778 3799 Gonbaldi
823 3760 859 3799 F
893 3759 933 3812 ὃ,
983 3772 1097 3803 corr.
1147 3761 1444 3802 Gundebaldi
1488 3762 1527 3800 P
1562 3764 1611 3811 13
1660 3762 1892 3803 GonbaIdi
1936 3774 1958 3802 e
2005 3773 2120 3804 corr.
2167 3762 2207 3804 G
2241 3764 2290 3812 13
2340 3763 2635 3804 Gondobaldi
2673 3763 2711 3804 Ἡ
2746 3764 2787 3805 2.

542 3814 583 3867 ι·)
616 3817 668 3856 in
713 3818 824 3856 deae
872 3818 906 3859 c
936 3820 978 3862 4.
1028 3819 1070 3859 G
1102 3819 1173 3861 5b.
1217 3820 1240 3859 1
1275 3821 1324 3868 23
1371 3821 1445 3860 vir
1489 3822 1616 3860 omni
1662 3822 1887 3862 avaritiae
1931 3822 1974 3861 D
2008 3819 2100 3862 ‘8a.
2136 3822 2180 3862 3.
2215 3824 2284 3861 10.
2313 3823 2351 3860 F
2382 3820 2444 3861 ’2.
2480 3823 2521 3863 5.
2568 3822 2608 3864 G
2640 3822 2714 3863 ba.
2749 3834 2789 3874 c,

542 3885 563 3913 e
593 3885 709 3917 corr.
741 3876 779 3915 F
813 3878 854 3916 2.
891 3875 987 3920 G4.
1103 3875 1143 3928 s)
1178 3878 1309 3918 rabie
1339 3879 1376 3917 F
1412 3880 1450 3917 1.
1572 3877 1608 3929 t)
1643 3883 1862 3930 congeret
1890 3881 1929 3920 Β
1964 3881 2014 3930 13
2047 3890 2299 3929 congerere
2330 3881 2367 3920 1³
2402 3883 2452 3931 13
2485 3885 2791 3930 congregaret

544 3933 644 3977 Gl.
678 3935 721 3975 2.
752 3934 792 3976 3.
832 3956 884 3966 -·
916 3935 1015 3992 Que
1045 3935 1143 3977 A2.
1266 3934 1315 3988 u)
1348 3936 1554 3987 dilapsus
1585 3936 1625 3977 A
1645 3940 1687 3981 1.
1806 3937 1853 3990 v)
1889 3939 1948 3979 ad
1976 3940 2070 3979 Fi.
2193 3936 2255 3990 w)
2288 3940 2521 3979 oracionis
2552 3940 2590 3979 B
2611 3941 2652 3980 1.
2683 3941 2720 3979 F
2741 3941 2788 3981 1.

542 3988 590 4042 x)
621 3993 807 4042 singula
836 3995 1077 4043 provincia
1104 3995 1142 4033 F
1177 3996 1216 4033 1.
1351 3992 1399 4046 y)
1433 3995 1854 4050 eli(y)mosinarum
1883 4009 1998 4037 corr.
2041 3998 2410 4038 elimosinarium
2440 3999 2484 4038 A
2517 4000 2555 4038 1.
2590 3997 2634 4039 G
2664 3999 2706 4040 8.
2740 3999 2785 4040 4.

547 4129 603 4194 1)
641 4128 872 4196 Laqare,
911 4130 1215 4197 querthal,
1254 4128 1405 4197 infra
1451 4131 1778 4185 Tridentum.
1853 4136 1967 4187 BE.
2119 4137 2176 4200 2)
2216 4134 2369 4187 Inter
2404 4135 2702 4188 Salurnum
2740 4144 2789 4189 et

540 4202 801 4268 Anaym's,
829 4203 887 4254 in
925 4204 1118 4255 dextra
1146 4201 1305 4255 Nocii
1340 4203 1482 4271 ripa.
1541 4208 1653 4257 BE.
1804 4207 1863 4274 3)
1906 4207 1986 4273 Of.
2016 4208 2174 4277 ὕφες.
2205 4208 2337 4262 Tur.
2368 4207 2474 4273 IV,
2495 4210 2596 4270 52,·
2648 4209 2706 4272 V,
2734 4210 2785 4259 1.

542 4272 603 4339 4)
643 4292 687 4325 c.
728 4275 781 4327 9.
932 4274 991 4342 5)
1031 4275 1111 4339 II,
1137 4277 1190 4328 4.
1340 4275 1398 4343 6)
1435 4278 1525 4329 Ex
1565 4279 1722 4346 (ἶνες.
1765 4280 1805 4330 I
1811 4281 1869 4344 V,
1897 4282 1986 4333 40.
2138 4280 2196 4350 7)
2238 4299 2357 4334 cum
2397 4310 2466 4320 —-
2507 4283 2789 4334 intellectu

543 4345 767 4397 Paulus.
883 4346 941 4413 8)
982 4350 1094 4401 eius
1132 4349 1391 4416 palatium
1428 4352 1518 4402 vel
1544 4351 1767 4404 Paulus.
1901 4354 1961 4421 9)
1998 4360 2073 4406 ut.
2112 4361 2204 4407 str.
2241 4372 2360 4421 sap.
2388 4354 2545 4422 arey.
2597 4355 2657 4418 V,
2698 4356 2791 4408 20.
