3042 4909
535 392 640 441 180
847 388 1069 440 PAULI
1105 386 1457 439 HISTORIA
1493 381 2168 436 LANGOBARDORUM.
2242 379 2390 431 LIB.
2426 382 2493 433 V.

533 579 664 621 non
704 554 941 619 multo³
985 555 1170 640 postb
1213 563 1501 638 tempore
1544 553 1675 615 iam
1719 549 1962 614 dudum
2004 556 2260 634 pactam
2315 546 2439 611 sibi
2481 546 2600 611 Ari
2648 547 2770 611 erti

533 642 704 725 regis
746 638 963 719 filiam,
1010 638 1191 701 cuius
1232 657 1611 722 germanum
1640 633 2081 719 Godepertum
2123 633 2541 712 extincxerat,
2628 632 2776 695 uxit

532 745 819 790 uxorem.
884 722 1411 785 Beneventanum
1437 740 1589 783 vero
1620 718 1993 798 exercitum,
2022 716 2203 779 cuius
2231 713 2471 779 auxilio
2500 735 2773 798 regnum

533 807 804 892 adeptus
835 815 989 887 erat,
1030 803 1244 868 multis
1274 803 1562 867 dotatum
1578 814 1603 845 ⁰
1642 800 2011 865 muneribus
2037 800 2284 864 remisit
2322 797 2408 861 ad
2442 798 2710 896 propria
2722 797 2774 864 ἃ.

533 889 915 975 Aliquantos
959 897 1174 953 tamen
1231 909 1316 951 ex
1364 888 1455 951 eis
1500 907 1723 950 secum
1776 883 2172 949 habitaturos
2213 891 2507 964 retenuit,
2549 879 2772 965 largis-

536 974 729 1037 simas
773 974 875 1049 eis⁴
908 972 1196 1037 tribuens
1239 970 1697 1056 possessiones.

702 1057 762 1120 2.
850 1054 981 1135 Qui
1036 1063 1378 1141 postquam
1432 1052 1722 1138 conperit
1737 1063 1783 1134 θ,
1847 1049 2198 1115 Perctaritf
2249 1049 2593 1134 profugum
2637 1046 2771 1111 Sci-

534 1140 734 1204 thiam
751 1151 781 1194 8
822 1140 1145 1225 appetisse
1161 1139 1189 1179 ¹²
1233 1148 1296 1202 et
1337 1145 1496 1222 aput
1537 1157 1847 1200 cacanum
1891 1133 2237 1213 demorari,
2282 1131 2492 1195 eidem
2534 1150 2770 1194 cacano

535 1224 859 1287 Avarumi
904 1223 1042 1307 regi
1079 1243 1196 1306 per
1235 1220 1481 1305 legatos
1524 1219 1884 1299 mandavit,
1929 1227 2027 1299 ut,
2071 1217 2125 1280 si
2162 1215 2503 1280 Perctariti
2544 1215 2612 1277 in
2656 1233 2771 1277 suo

535 1329 737 1390 regno
794 1305 1123 1387 detineret,
1182 1326 1329 1367 cum
1379 1301 1821 1387 Langobardis
1879 1309 1942 1365 et
1996 1321 2215 1364 secum
2251 1319 2516 1423 Pacem,
2576 1318 2771 1383 quam

534 1388 845 1454 hactenus
885 1389 1213 1471 habuerat,
1256 1387 1558 1471 deinceps
1598 1385 1834 1450 habere
1859 1406 1991 1448 non
2032 1383 2238 1468 possit
2286 1428 2302 1444 .
2384 1381 2568 1445 Haec
2603 1378 2773 1443 Ava-

537 1474 709 1536 rum¹
766 1495 883 1537 rex
935 1470 1200 1535 audiens
1218 1519 1234 1552 ,
1292 1470 1535 1533 adscito
1576 1469 1924 1550 Perctarit,
1969 1466 2134 1530 dixit
2176 1468 2255 1547 ei,
2297 1474 2426 1528 ut¹¹¹
2468 1467 2538 1528 in
2624 1484 2775 1526 uam

539 1564 788 1641 partem
830 1553 1022 1619 vellet
1074 1562 1369 1652 pergeret
1384 1602 1400 1635 ,
1453 1574 1536 1615 ne
1593 1561 1853 1638 propter
1910 1572 2059 1614 eum
2100 1547 2347 1613 Avares
2404 1570 2553 1612 cum

539 1636 841 1723 gobardis
920 1638 1285 1701 inimicitlas
1301 1649 1330 1678 ¹¹
1400 1634 1844 1699 contraherent
1860 1646 1901 1697 ¹.
2015 1632 2329 1697 Perctarit
2395 1652 2551 1695 vero
2613 1630 2773 1694 haec

541 1720 826 1803 audiens,
855 1720 1106 1785 Italiam
1135 1719 1219 1784 ad
1248 1717 1697 1784 Grimualdum
1724 1738 2095 1782 reversurus
2110 1728 2136 1759 ⁰
2163 1716 2444 1800 repetiit3
2487 1711 2778 1777 audierat

544 1899 591 1949 a)
624 1901 820 1940 multum
850 1900 887 1940 Ο
920 1896 982 1938 ’1.
1016 1899 1059 1940 G
1087 1901 1131 1941 8.
1162 1901 1206 1940 4.
1355 1896 1405 1949 b)
1434 1900 1546 1938 deest
1579 1898 1621 1938 G
1651 1901 1693 1939 2.
1842 1896 1886 1949 c)
1919 1898 2114 1938 ditatum
2141 1896 2185 1939 A
2216 1897 2258 1938 8.
2287 1898 2347 1937 Β.
2380 1896 2431 1937 G.
2460 1896 2503 1935 D
2535 1900 2575 1934 et
2604 1905 2626 1934 e
2654 1904 2772 1934 corr.

541 1960 580 1998 F
613 1961 654 2000 1.
688 1958 732 1998 G
761 1960 802 1998 1.
834 1960 887 2007 4;
938 1960 1132 1999 multum
1176 1959 1348 1998 ditatus
1378 1958 1417 1996 Ε
1448 1959 1502 2007 43
1550 1958 1720 1996 ditatos
1763 1956 1806 1996 A
1837 1957 1880 1997 6.
1911 1957 1950 1996 E
1982 1958 2034 2005 83
2080 1957 2300 1995 donatum
2328 1955 2371 1995 A
2402 1956 2446 1996 2.
2594 1950 2643 2003 d)
2672 1962 2776 2002 pro·

542 2018 694 2068 priam
725 2014 839 2058 0⁸1.
875 2019 919 2056 1.
1041 2017 1087 2067 e)
1120 2017 1348 2066 conperiit
1375 2017 1414 2055 Ε
1446 2018 1488 2057 1.
1607 2015 1645 2065 f)
1676 2015 1975 2055 Percatharid
2004 2016 2082 2054 hoc
2109 2015 2200 2053 loco
2232 2014 2268 2054 G
2289 2015 2331 2054 1.
2454 2010 2501 2064 g)
2533 2012 2778 2053 Scitthinm

544 2077 591 2117 (ξ’
612 2072 675 2117 ’1.
708 2076 751 2115 D
785 2077 855 2116 la.
888 2074 930 2114 G
962 2077 1003 2116 1.
1035 2077 1091 2125 43
1123 2075 1396 2116 Schitthiam
1425 2075 1464 2113 Ε
1497 2076 1547 2124 1;
1579 2073 1793 2114 Scittiam
1821 2085 1937 2114 corr.
1970 2073 2212 2114 Scitthiam
2243 2071 2286 2112 G
2316 2074 2359 2113 3.
2422 2072 2539 2118 Quae
2567 2071 2607 2110 L
2639 2072 2663 2109 1
2684 2069 2774 2118 sol.

547 2136 647 2175 170.
691 2134 812 2173 addit
855 2145 897 2175 υ.
942 2134 1071 2176 Arch.
1116 2134 1193 2185 IX,
1234 2145 1283 2182 p-
1317 2134 1428 2183 ‘1033
1471 2132 1514 2171 A
1546 2134 1572 2173 6
1604 2134 1938 2172 additamentum
1982 2132 2103 2171 habet
2150 2132 2202 2170 de
2241 2130 2416 2178 Scithia,
2455 2130 2669 2168 Hircania
2696 2132 2773 2167 cte.

542 2190 593 2243 h)
625 2193 877 2242 appetisset
904 2193 943 2231 Ε
978 2195 1019 2236 1.
1138 2191 1174 2243 i)
1204 2192 1463 2232 Avarorum
1491 2192 1531 2231 B
1567 2194 1607 2233 1.
1639 2192 1673 2232 C
1707 2188 1769 2230 ’1.
1804 2192 1845 2231 1.
1877 2191 1920 2229 D
1953 2191 1993 2230 2.
2027 2189 2069 2230 G
2100 2191 2141 2231 2.
2259 2187 2309 2239 k)
2342 2191 2498 2238 posset
2525 2189 2565 2228 Β
2599 2188 2640 2228 1.
2672 2186 2707 2227 C
2731 2188 2777 2225 1.

546 2251 589 2291 G
621 2253 663 2302 2,
695 2252 788 2292 alii.
909 2249 947 2302 1)
978 2252 1160 2292 Avarus
1191 2251 1234 2290 A
1264 2252 1304 2292 3.
1337 2252 1379 2291 6.
1411 2251 1466 2289 Β.
1497 2250 1537 2289 Ε·
1572 2252 1611 2290 1.
1649 2249 1704 2300 G,
1734 2261 1849 2289 corr.
1880 2248 2084 2288 Avarum
2113 2248 2156 2288 A
2188 2249 2237 2297 23
2283 2247 2540 2287 Avarorum
2571 2246 2607 2286 O
2638 2243 2699 2285 ’1.
2735 2247 2778 2286 1.

544 2311 604 2350 D.
636 2310 675 2349 Ε·
707 2310 749 2350 5.
795 2310 840 2349 Η
872 2310 922 2359 1;
967 2309 1148 2350 Avarus
1193 2310 1241 2348 in
1287 2311 1512 2358 archetypo
1557 2309 1762 2358 scriptam
1795 2308 1941 2356 fuisse
1976 2307 2186 2355 putarim,
2217 2307 2291 2345 scd
2319 2311 2472 2345 contra
2492 2305 2623 2356 fidem
2651 2304 2774 2344 codd.

545 2368 588 2407 A
622 2370 662 2411 1.
693 2369 738 2408 4.
772 2368 813 2408 5.
847 2367 885 2406 Ε
918 2370 941 2407 1
984 2369 1170 2418 recipere
1198 2369 1336 2410 nomi.
1468 2367 1534 2418 m)
1565 2368 1676 2406 deest
1705 2367 1744 2406 B
1779 2367 1818 2407 1.
1955 2364 2004 2415 ιι)
2038 2365 2331 2404 inimicitiam
2360 2364 2403 2403 A
2433 2361 2495 2404 ’3.
2634 2362 2680 2413 o)
2711 2362 2778 2401 ita

544 2428 585 2465 A
619 2428 660 2469 1.
692 2426 734 2468 3.
766 2428 808 2466 4.
844 2426 896 2475 ὃς
927 2437 1137 2468 reversus
1168 2429 1209 2466 A
1242 2428 1284 2467 2.
1316 2427 1355 2466 B
1391 2429 1431 2467 1.
1467 2425 1517 2466 C.
1550 2426 1608 2464 D.
1638 2426 1691 2464 Ε.
1726 2423 1795 2473 G;
1828 2425 2076 2465 revertitur
2102 2425 2142 2464 B
2174 2424 2216 2464 2.
2246 2446 2299 2454 —
2330 2434 2430 2472 rep.
2459 2423 2570 2462 dem
2600 2421 2699 2462 131.
2733 2422 2777 2460 2.

545 2571 604 2638 1)
642 2572 958 2625 Firmior-em
1007 2574 1196 2624 cacami
1230 2574 1398 2638 fidem
1447 2591 1568 2624 cum
1613 2571 1940 2624 Bertharido
1991 2569 2346 2638 coquoscimus
2396 2587 2463 2622 ex
2498 2569 2677 2620 Eddio
2714 2569 2778 2619 in

541 2644 658 2697 vita
694 2665 738 2697 s.
790 2643 1023 2711 szridi
1053 2645 1103 2696 Ι.
1143 2645 1494 2697 Eboracensis
1535 2644 1932 2711 archiepiscopi,
1969 2643 2116 2694 illias
2160 2642 2283 2695 aevi
2318 2642 2586 2708 scriptore,
2627 2641 2781 2707 apud

541 2718 915 2769 Mabillonium
937 2718 998 2767 in
1036 2718 1326 2783 appendice
1350 2724 1466 2769 tom.
1493 2717 1599 2769 IV.
1638 2718 1840 2769 saeculi
1859 2714 2195 2768 Benedictini
2218 2734 2282 2781 p.
2311 2717 2445 2765 691.-
2482 2716 2780 2780 Pergentes

540 2793 744 2855 itaque,
781 2788 960 2840 scribit
996 2788 1227 2854 Badius,
1264 2793 1438 2842 sancti
1476 2792 1718 2857 episcopi
1770 2792 1977 2856 (nempe
2024 2787 2301 2853 Wiffridus
2339 2797 2387 2840 et
2432 2787 2779 2853 Theodotus),

542 2864 687 2913 viam
725 2863 957 2914 Domino
997 2862 1283 2927 dirigente,
1334 2870 1692 2929 pervenerunt
1729 2863 1801 2913 ad
1838 2863 2187 2913 Berchterum
2227 2862 2555 2927 Campaniae
2592 2876 2779 2925 regem

545 2934 666 2999 (hoc
705 2942 782 2986 est
818 2933 1315 3000 Langobardorum,
1368 2941 1429 2985 ut
1464 2951 1531 2985 ea:
1580 2935 1758 2987 eodem
1806 2932 2058 3000 scriptore
2107 2941 2244 2986 certo
2295 2933 2567 3000 apparet),
2604 2935 2779 2984 virum

542 3007 798 3057 humilem
837 3012 892 3057 et
928 3008 1165 3072 quietum
1193 3013 1247 3058 et
1281 3013 1597 3058 trementem
1635 3023 1908 3059 sermones
1933 3008 2070 3071 Dei3
2109 3007 2202 3072 qui
2237 3008 2546 3072 peregrinos
2585 3021 2778 3057 secun·

546 3079 672 3129 dum
724 3084 1071 3145 praeceptum
1119 3079 1339 3131 Domini
1394 3081 1630 3145 benigne
1687 3082 2002 3146 suscipiens,
2060 3086 2245 3130 sancto
2294 3079 2536 3146 pontifici
2592 3083 2777 3129 nostro

546 3153 854 3202 enunciavit
891 3152 1105 3203 dicens:
1163 3153 1266 3202 ‘De
1305 3153 1584 3203 Britannia
1619 3154 1825 3202 inimici
1862 3155 1942 3203 tui
1989 3153 2213 3203 nuncios
2252 3153 2324 3202 ad
2360 3168 2446 3202 me
2486 3152 2776 3214 mittentes,

545 3226 655 3276 suis
693 3225 1025 3276 sermonibus
1078 3224 1372 3277 salutantes
1409 3242 1513 3289 me,
1566 3231 1621 3276 et
1659 3225 1799 3277 dona
1837 3226 1968 3276 mihi
2016 3225 2247 3275 maxima
2292 3225 2678 3290 promittentes,
2731 3224 2779 3274 si

544 3304 600 3348 te
637 3298 1128 3363 subterfugientem,
1173 3304 1233 3349 ut
1271 3298 1533 3360 dixerunt,
1587 3300 1896 3366 episcopum
1948 3298 2313 3363 angarizarem
2365 3303 2419 3348 et
2454 3299 2526 3348 ad
2563 3301 2777 3362 aposto·

544 3370 705 3421 licam
745 3371 928 3422 sedem
978 3371 1287 3421 tendentem
1335 3371 1650 3436 retinerem;
1713 3371 1903 3437 quibus
1940 3376 2050 3421 tam
2100 3371 2361 3421 nefariam
2396 3386 2510 3421 rem
2546 3384 2777 3419 renuens

548 3443 688 3494 dixi:
734 3445 872 3495 “Fui
911 3443 1201 3510 aliquando
1238 3445 1295 3494 in
1344 3444 1430 3495 die
1481 3446 1772 3495 iuventutis
1819 3459 1974 3495 meae
2024 3442 2144 3494 exul
2198 3443 2265 3493 de
2311 3443 2487 3510 patria
2525 3441 2775 3509 expulsus

546 3518 644 3567 sub
682 3532 894 3583 pagano
934 3518 1166 3583 quodam
1212 3532 1342 3582 rege
1378 3516 1693 3567 Hunnorum
1740 3516 1960 3582 degens,
2012 3518 2105 3583 qui
2151 3517 2275 3566 iniit
2321 3531 2532 3566 mecum
2586 3514 2778 3566 foedus

545 3591 603 3637 in
655 3590 757 3640 deo
807 3605 903 3640 suo
953 3590 1117 3654 idolo,
1165 3595 1225 3641 ut
1271 3605 1543 3656 nunquam
1593 3606 1678 3640 me
1726 3589 1960 3640 inimicis
2009 3588 2335 3655 prodidisset
2382 3588 2474 3638 vel
2519 3587 2774 3639 dedisset.

545 3661 619 3710 Et
653 3666 776 3726 post
824 3663 1053 3726 spatium
1101 3663 1356 3728 temporis
1403 3668 1666 3713 venerunt
1712 3662 1782 3712 ad
1831 3677 2016 3728 regem
2067 3676 2339 3728 paganum
2394 3675 2638 3711 sermone
2674 3660 2776 3709 ini-

549 3733 804 3782 micorum
854 3749 1091 3784 meorum
1140 3736 1339 3797 nuncii,
1388 3736 1756 3800 promittentes
1796 3735 1900 3785 sibi
1939 3733 2065 3784 dare
2118 3734 2215 3785 sub
2267 3733 2609 3784 iureiurando
2647 3731 2774 3783 soli·

550 3804 736 3855 dorum
773 3820 1050 3856 aureorum
1086 3806 1322 3857 modium
1359 3806 1595 3871 plenum,
1633 3808 1681 3858 si
1698 3823 1784 3857 me
1808 3806 1928 3870 illis
1955 3807 2029 3857 ad
2064 3807 2482 3857 internecionem
2523 3804 2777 3857 dedisset.

549 3875 752 3938 Quibus
789 3893 896 3928 non
936 3880 1273 3930 consentiens
1323 3879 1484 3929 dixit:
1537 3880 1683 3931 ‘Sine
1724 3878 1884 3930 dubio
1925 3880 2001 3930 dii
2036 3880 2201 3929 vitam
2251 3878 2552 3941 succidant,
2590 3879 2638 3929 si
2673 3877 2776 3928 hoc

548 3950 820 4015 piaculum
875 3951 1018 4001 facio
1073 3952 1285 4002 irritans
1339 3958 1556 4017 pactum
1613 3953 1832 4002 deorum
1889 3949 2159 4002 meorum’.
2252 3953 2372 4017 Ego
2408 3967 2537 4003 vero
2576 3956 2777 4017 quanto

551 4024 739 4088 magis,
786 4024 878 4088 qui
913 4024 1089 4075 Deum
1125 4040 1310 4074 verum
1350 4025 1483 4088 sci0,
1534 4026 1768 4075 animam
1814 4040 1988 4075 meam
2034 4041 2130 4090 pro
2176 4026 2340 4075 totius
2390 4022 2576 4074 mundi
2622 4023 2775 4074 lucro

549 4096 604 4144 in
659 4095 1015 4163 perditionem
1070 4113 1177 4147 non
1235 4096 1375 4147 dabo
1387 4097 1444 4146 ‘2⁹’
1499 4098 1655 4147 Tunc
1707 4113 1836 4148 vero
1886 4103 2129 4148 sanctum
2175 4096 2487 4163 pontificem
2537 4102 2776 4147 nostrum

553 4172 607 4217 et
643 4184 766 4219 suos
816 4170 989 4221 socios
1030 4185 1150 4220 cum
1199 4170 1397 4220 honore
1436 4175 1490 4220 et
1541 4169 1783 4233 ducibus,
1838 4171 1978 4220 sicut
2014 4185 2134 4219 eum
2170 4170 2433 4221 Dominus
2482 4169 2681 4235 ubique
2718 4171 2778 4219 in

550 4242 977 4305 peregrinatione
1012 4248 1299 4309 protegens
1338 4241 1717 4308 magnificavit,
1769 4241 1839 4292 ad
1890 4241 2243 4308 apostolicam
2290 4242 2476 4293 sedem
2514 4242 2640 4294 olim
2679 4258 2776 4308 op·

547 4315 718 4362 tatam
754 4314 812 4361 in
848 4316 1139 4378 gratiarum
1176 4316 1388 4366 actione
1422 4315 1647 4365 remisit.
1719 4314 1818 4369 ΒΙ.
