3042 4909
541 428 611 477 66
854 426 1076 478 PAULI
1115 424 1464 478 HISTORIA
1500 424 2172 477 LANGOBARDORUM.
2248 425 2393 477 LIB.
2435 427 2478 478 Ι.

543 594 910 658 comitatum
969 615 1037 657 as
1087 593 1313 675 iciens,
1357 591 1736 677 interrogat,
1794 592 1937 678 quis
1987 594 2105 656 iste
2148 614 2285 657 esse
2327 595 2604 679 possit⁸,
2665 601 2777 684 qui

539 687 671 743 tam
708 675 978 742 sublime
1008 699 1044 741 o
1094 677 1385 763 sequium
1414 676 1696 742 haberet.
1768 676 2163 775 Dictumque
2190 676 2319 739 illib
2351 689 2477 760 est,
2521 679 2779 746 Rodulfi

541 762 713 845 regis
742 782 1117 845 germanum
1144 761 1499 846 legatione⁰
1542 760 1875 846 perfuncta
1909 770 2183 847 patnam
2224 759 2491 847 regredi.
2579 764 2778 832 Mittit

541 843 753 931 puella
765 846 816 926 d,
862 846 974 931 qui
1004 866 1153 908 eum
1196 845 1512 926 invitaret,
1560 854 1667 908 ute
1706 846 1838 910 vini
1867 844 2171 932 poculum
2215 845 2583 931 dignaretur
2608 853 2774 914 acci-

542 951 713 1014 pere.
797 927 938 993 Ill-ef
990 927 1180 993 corde
1223 926 1516 1013 simplici,
1562 940 1636 993 ut
1674 930 1977 994 invitatus
2005 928 2229 1011 fuerat,
2270 931 2472 1014 venit3
2518 941 2581 997 et
2622 934 2776 1019 quia

543 1021 678 1077 erat
719 1021 958 1077 statura
999 1011 1288 1098 pusilluS,
1332 1034 1480 1076 eum
1520 1012 1690 1079 fastu
1703 1025 1733 1068 8
1776 1013 2112 1100 superbiae
2163 1013 2372 1099 puella
2417 1016 2710 1103 despexit
2721 1020 2770 1101 ¹¹,

541 1097 871 1183 verbaque
901 1097 1238 1162 adversus-i
1286 1118 1435 1162 eum
1477 1097 1774 1163 inrisoria
1815 1097 2097 1185 protulit.
2183 1099 2276 1162 At
2314 1098 2420 1164 ille
2463 1122 2771 1166 verecun-

542 1179 650 1244 dia
749 1182 942 1246 ariter
983 1190 1048 1245 et
1098 1180 1533 1265 indignatione
1576 1182 1891 1267 perfusus,
1949 1180 2101 1247 talia
2154 1205 2377 1248 rursus
2436 1184 2637 1250 verba
2676 1208 2772 1250 re-

542 1286 571 1327 s
621 1285 704 1328 on
747 1265 800 1329 it
815 1313 830 1344 ‚
950 1286 1072 1329 uae
1134 1264 1508 1350 ampliorem
1525 1266 1558 1307 k
1628 1265 1879 1352 puellae
1943 1266 2377 1332 confusionem
2434 1268 2776 1335 adferrent.

602 1369 726 1412 unc
770 1347 875 1412 illa
907 1286 1130 1415 {urere
1168 1348 1441 1414 femineo
1487 1370 1812 1434 succensa,
1855 1349 2174 1415 dolorem¹
2227 1352 2435 1416 cordis
2480 1352 2775 1418 cohibere

542 1452 673 1495 non
713 1430 962 1515 valens,
1007 1432 1214 1497 scelus
1244 1434 1421 1520 quod·
1444 1443 1656 1499 mente
1685 1435 2095 1535 conciperatm
2141 1435 2399 1522 explere
2431 1437 2777 1502 contendit.

547 1514 819 1581 Simulat
859 1517 1248 1602 patientiam,
1293 1516 1541 1584 vultum
1584 1517 1913 1602 exhilarat,
1956 1541 2228 1605 eumque
2257 1520 2474 1584 verbis
2487 1533 2518 1563 ¹¹
2559 1522 2778 1585 iocun-

543 1599 828 1665 dioribus
881 1598 1247 1666 demulcens
1261 1613 1306 1685 ⁰,
1350 1602 1434 1666 ad
1490 1600 1872 1667 sedenduml’
1929 1603 2176 1685 invitat,
2233 1603 2475 1689 talique
2519 1626 2667 1668 eum
2708 1606 2779 1667 in

542 1682 684 1747 loco
714 1683 933 1749 sedere
973 1686 1316 1768 constituit,
1361 1708 1486 1773 quo
1515 1687 1776 1771 parietis
1817 1686 2189 1752 fenestram‘l
2233 1687 2318 1752 ad
2344 1685 2639 1774 scapulas
2668 1687 2777 1751 ha-

471 1849 479 1854 >
544 1767 740 1832 beret.
838 1770 1048 1849 Quam
1116 1769 1458 1835 fenestram
1524 1772 1744 1855 quasir
1802 1770 1884 1837 ob
1939 1770 2206 1869 hospitis
2263 1771 2596 1853 honorem,
2663 1783 2774 1835 re⁸

544 1860 759 1916 autem
799 1874 953 1917 vera
992 1876 1073 1919 ne
1103 1876 1249 1918 eum
1278 1854 1495 1940 aliqua
1523 1852 1807 1952 pulsaret
1840 1855 2142 1940 suspicio,
2185 1853 2499 1920 velamine
2527 1865 2779 1920 texerat

543 1935 851 2021 pretiose,
903 1938 1301 2024 praecipiens
1346 1938 1742 2004 atroclssima
1795 1938 2019 2005 heluat
2068 1960 2185 2024 pro
2232 1939 2341 2003 riis
2384 1941 2628 2025 pueriS,
2686 1949 2781 2022 ut,

546 2041 695 2084 cum
722 2020 865 2106 ipsa
893 2022 1076 2107 quasi
1102 2020 1186 2086 ad
1259 2022 1584 2086 incernam
1612 2021 1881 2109 loquens
1911 2023 2147 2087 ‘Misce’
2226 2024 2241 2038 '
2297 2024 2464 2105 ’sset,
2506 2021 2599 2086 iffi
2627 2045 2776 2087 eum

544 2112 789 2189 atei-go
816 2103 1056 2170 lanceis
1082 2128 1166 2192 pe
1224 2115 1493 2171 orarent.
1580 2107 1851 2172 Factum
1898 2130 1979 2172 ue
2008 2115 2133 2189 est3
2165 2117 2246 2190 et,
2274 2118 2472 2172 m0x¹²
2503 2105 2777 2172 crudelis

544 2189 782 2253 femina
830 2191 1087 2275 signum
1136 2189 1330 2271 dedit,
1381 2191 1604 2277 iniqua
1622 2204 1649 2234 v
1693 2212 1844 2254 man
1890 2202 1995 2256 ata
2022 2191 2459 2277 perficiuntur,
2507 2192 2531 2253 i
2579 2212 2778 2277 seque

543 2274 910 2341 vulneribus
949 2274 1294 2339 transfixus
1323 2276 1392 2339 in
1419 2285 1697 2340 terram*
1742 2297 2043 2340 corruens
2080 2299 2163 2340 ex
2209 2276 2416 2340 iravit.
2551 2295 2601 2336 a
2630 2297 2781 2339 cum

544 2357 819 2424 Rodulfo
860 2381 928 2423 re
979 2361 993 2376 ’
1038 2360 1326 2424 nuntiata
1364 2358 1634 2425 fuissent
1649 2372 1712 2442 ¹,
1767 2370 1900 2426 tam
1952 2360 2150 2425 crude
2175 2383 2211 2425 e
2251 2359 2540 2445 germani
2589 2358 2782 2423 funus

545 2444 875 2530 ingemuit,
963 2441 1277 2530 olerisque
1305 2443 1643 2529 inpatiens,
1686 2443 1769 2509 ad
1812 2443 2245 2509 ulciscendam
2271 2445 2484 2509 fratris
2511 2453 2783 2508 mortem

546 2528 803 2594 exarsit.
865 2527 1122 2592 Foedus
1168 2539 1293 2593 ue?
1323 2527 1497 2614 quod
1528 2550 1673 2592 cum
1702 2528 1947 2595 Tatone
1985 2551 2069 2614 pe
2116 2529 2319 2615 igerat
2343 2530 2717 2613 inrumpens
2734 2538 2780 2608 Ζ,

547 2610 755 2676 eidem
789 2608 1027 2675 bellum
1070 2611 1137 2675 in
1181 2611 1356 2675 ixit-a,
1488 2611 1663 2694 Quid
1704 2611 1935 2697 plura‘?
2079 2614 2431 2677 cnveniunt
2470 2620 2784 2676 utrorum·

594 2715 673 2759 ue
715 2694 784 2756 in
825 2695 1065 2780 campis
1107 2694 1473 2780 patentibus
1515 2695 1705 2759 acies.
1791 2694 2142 2760 Rodulfimb
2197 2716 2347 2760 suos
2400 2697 2467 2758 in
2569 2705 2785 2780 ugna0

548 2717 792 2863 dmg-in
848 2778 988 2862 ipse
1029 2777 1107 2844 in,
1141 2778 1364 2843 castris
1404 2778 1708 2843 resedens
1720 2778 1770 2860 ἃ,
1813 2780 1896 2843 de
1936 2801 2050 2865 spe
2091 2778 2399 2843 victoriae
2490 2780 2505 2793 '
2558 2778 2572 2792 ⁶
2649 2798 2781 2840 am·

547 2860 775 2946 bigens
793 2871 839 2943 ⁰,
881 2860 967 2926 ad
1009 2858 1289 2926 tabulam
1330 2859 1511 2928 ludit.
1597 2860 1802 2926 Erant
1842 2861 2160 2948 siquidem
2202 2872 2357 2927 tunc
2384 2859 2609 2926 Heroli
2650 2859 2782 2924 bel-

547 2942 753 3010 lorum
803 2944 1027 3010 usibus
1045 2944 1066 2986 f
1139 2944 1402 3010 exerciti
1449 2943 1923 3031 multorumque
1985 2946 2113 3009 iam
2178 2953 2390 3030 strage
2448 2943 2784 3009 notissimi.

549 3217 595 3270 a)
627 3220 784 3269 posset
814 3217 855 3257 G
886 3219 928 3259 2.
959 3219 983 3258 1
1017 3221 1055 3260 1.
1174 3216 1223 3270 b)
1255 3218 1352 3258 illis
1382 3220 1420 3258 F
1454 3221 1505 3269 13
1538 3222 1607 3260 eet
1634 3219 1709 3259 1111
1739 3220 1777 3260 B
1812 3221 1854 3263 1.
1886 3217 1929 3259 G
1959 3220 2000 3261 2.
2053 3255 2058 3262 ,
2103 3215 2161 3270 .c)
2194 3219 2478 3267 legationem
2509 3216 2552 3256 A
2583 3217 2627 3256 2.
2658 3217 2696 3256 F
2730 3218 2783 3267 ¹3

546 3280 789 3329 perfuncto
816 3278 855 3316 B
889 3280 930 3318 1.
970 3278 1008 3317 F
1040 3277 1100 3317 1?
1218 3275 1264 3330 d)
1293 3278 1495 3328 puellam
1540 3280 1581 3318 A
1612 3273 1674 3320 ‘4.
1721 3279 1760 3318 Β
1795 3280 1836 3321 1.
1881 3277 1925 3317 D
1960 3280 2000 3321 1.
2048 3278 2085 3317 Ε
2119 3279 2162 3318 1.
2195 3276 2238 3318 G
2269 3278 2310 3317 1.
2345 3278 2386 3317 3.
2418 3276 2552 3318 διδ.
2600 3276 2624 3315 Ι
2657 3276 2698 3316 1.
2733 3276 2787 3325 23

546 3337 705 3388 puella
733 3348 846 3378 corr.
887 3337 1093 3387 puellam
1126 3336 1167 3377 G
1197 3337 1240 3377 2.
1274 3358 1326 3368 -
1370 3335 1529 3390 qu(a)e
1558 3338 1597 3377 Β
1632 3339 1673 3379 1.
1708 3338 1753 3377 2.
1788 3336 1830 3378 G
1860 3337 1900 3376 2.
1932 3337 1999 3380 δι.
2022 3336 2066 3378 b.
2096 3337 2120 3376 Ι
2152 3339 2195 3379 1.
2228 3336 2269 3388 2,
2301 3347 2322 3376 e
2351 3347 2466 3376 corr.
2499 3333 2542 3374 A
2573 3335 2630 3375 2¹?
2660 3335 2703 3375 D
2738 3335 2781 3375 1.

551 3397 592 3437 G
625 3398 668 3436 1.
703 3417 756 3425 —
789 3406 890 3438 eam
921 3407 1033 3436 corr.
1069 3406 1175 3436 eum
1203 3397 1240 3434 F
1273 3396 1314 3437 1.
1435 3394 1481 3447 e)
1513 3400 1566 3436 ut
1596 3417 1646 3427 —
1684 3396 1885 3447 simplici
1914 3397 2000 3437 dee.
2033 3396 2076 3435 D
2110 3396 2166 3445 23
2206 3400 2259 3435 ut
2288 3406 2332 3438 v.
2365 3396 2451 3437 dee.
2479 3394 2518 3434 F
2550 3396 2601 3444 ¹3
2632 3394 2664 3434 i.
2697 3394 2781 3434 uni

548 3467 593 3506 p.
629 3454 669 3497 G
702 3456 743 3500 1.
889 3453 927 3507 t)
958 3455 997 3496 1.
1030 3465 1140 3505 ergo
1186 3456 1224 3496 B
1259 3456 1300 3499 1.
1448 3453 1494 3506 g)
1527 3455 1680 3495 fausto
1726 3454 1767 3495 G
1799 3457 1839 3508 1,
1870 3466 1985 3498 corr.
2032 3454 2156 3495 {astu
2197 3456 2235 3494 F
2268 3456 2310 3495 1.
2363 3453 2404 3495 G
2434 3455 2490 3503 23
2534 3451 2632 3492 fato
2665 3451 2708 3493 G
2738 3452 2781 3492 3.

548 3513 596 3567 h)
632 3515 836 3564 dispexit
881 3515 918 3555 F
953 3517 994 3555 1.
1045 3515 1086 3556 G
1121 3515 1162 3554 2.
1195 3514 1238 3554 4.
1387 3511 1423 3566 i)
1455 3515 1714 3556 adversum·
1747 3515 1785 3555 F
1823 3516 1863 3556 1.
2011 3511 2060 3566 k)
2089 3514 2314 3564 ampliore
2364 3513 2636 3554 confusione
2683 3512 2720 3551 F
2740 3513 2780 3552 l.

547 3572 583 3626 1)
616 3579 664 3616 et
692 3574 734 3614 d.
768 3573 809 3613 G
839 3574 881 3614 2.
1029 3572 1094 3625 m)
1123 3574 1187 3613 ita
1238 3573 1278 3612 A
1312 3575 1354 3617 1.
1385 3574 1428 3613 2.
1457 3574 1511 3614 Β.
1531 3574 1583 3623 2;
1628 3574 1893 3624 conciperet
1934 3574 1972 3613 F
2005 3575 2046 3614 1.
2081 3572 2123 3614 G
2152 3573 2204 3622 83
2251 3575 2528 3623 conceperat
2555 3571 2693 3611 ceteri.
2729 3592 2780 3601 -

548 3634 757 3683 expleret
785 3633 822 3672 F
856 3634 896 3672 1.
1017 3631 1066 3685 n)
1099 3642 1246 3682 eaque
1276 3633 1419 3674 verba
1447 3633 1484 3672 F
1517 3634 1559 3675 1.
1591 3631 1632 3672 G
1665 3635 1707 3674 1.
1740 3633 1781 3672 2.
1813 3633 1855 3675 3.
1977 3631 2022 3685 ο)
2050 3633 2160 3672 dem
2189 3634 2229 3673 A
2250 3631 2311 3674 ’3.
2428 3629 2481 3683 p)
2511 3630 2784 3673 rediendum

551 3691 591 3731 G
624 3693 664 3730 1.
695 3692 748 3740 23
777 3692 1023 3741 prandium
1057 3692 1097 3732 G
1128 3691 1170 3733 ⁶.
1289 3690 1337 3743 q)
1370 3691 1576 3732 fenestra
1619 3692 1660 3732 Ε
1693 3693 1743 3741 13
1783 3692 2009 3734 fenestras
2038 3692 2089 3733 F.
2125 3690 2165 3732 G
2204 3691 2396 3745 (praeter
2440 3691 2482 3732 G
2512 3688 2602 3743 5⁸).
2639 3712 2692 3723 -
2725 3690 2784 3730 ad

549 3760 612 3790 sc.
645 3751 729 3789 des.
765 3748 805 3789 G
837 3751 880 3790 2.
1001 3749 1041 3802 r)
1068 3752 1179 3791 deest
1207 3751 1246 3789 B
1281 3752 1321 3792 1.
1454 3748 1494 3801 s)
1527 3760 1577 3790 re
1608 3761 1629 3790 e
1658 3762 1771 3791 corr.
1803 3752 1841 3790 F
1875 3752 1923 3800 l;
1955 3762 1991 3790 r.
2025 3761 2139 3791 a..v.
2170 3751 2255 3791 des.
2290 3751 2358 3803 G3
2389 3751 2472 3792 illa
2502 3752 2650 3792 verita
2679 3751 2780 3790 add.

548 3809 585 3848 F
616 3808 658 3848 4.
694 3807 734 3847 G
765 3807 838 3849 5⁸.
957 3805 993 3859 t)
1025 3809 1169 3849 verba
1200 3808 1251 3848 C.
1283 3810 1340 3849 D.
1373 3810 1410 3849 Ε
1448 3811 1485 3851 1.
1519 3809 1558 3848 F
1590 3810 1630 3851 2.
1660 3809 1706 3848 Η
1737 3810 1788 3859 1;
1818 3809 1954 3851 velba
1982 3820 2095 3850 corr.
2128 3810 2272 3851 verba
2299 3812 2337 3850 F
2356 3813 2395 3851 1.
2515 3809 2564 3862 u)
2598 3813 2648 3849 ut
2677 3819 2788 3848 mox

549 3866 591 3907 A
621 3863 693 3916 ’ὃς
723 3870 770 3907 et
798 3869 857 3908 ut.
878 3877 987 3907 mox
1016 3866 1058 3907 A
1089 3868 1145 3917 33
1191 3870 1237 3907 et
1265 3878 1374 3908 mox
1413 3872 1466 3909 ut
1494 3869 1547 3908 B.
1582 3868 1617 3909 C
1649 3865 1711 3910 ⁸1.
1741 3869 1784 3908 D
1816 3870 1841 3908 1
1875 3879 1896 3908 e
1924 3880 2066 3918 corr-,3
2108 3872 2154 3909 et
2183 3870 2293 3909 deest
2325 3869 2360 3911 C
2394 3870 2434 3911 5.
2479 3887 2537 3900 —
2568 3868 2787 3908 crudelis-

550 3928 669 3967 sima
699 3925 734 3967 O
764 3926 810 3967 4.
929 3924 977 3978 v)
1009 3927 1262 3976 iniquaque
1291 3926 1334 3966 A
1365 3926 1418 3976 ὃς
1448 3927 1499 3966 in
1533 3937 1625 3976 que.
1657 3924 1711 3978 (ἲ)
1742 3938 1857 3969 corr.
1902 3927 2010 3968 ilico
2050 3928 2088 3968 F
2122 3930 2175 3977 13
2214 3928 2264 3968 ln
2295 3939 2386 3978 quo
2416 3929 2454 3967 F
2485 3926 2526 3969 5.
2560 3926 2601 3967 G
2634 3923 2784 3966 1-95,

553 3986 622 4027 5⁸.
644 3996 691 4036 ος
720 3986 871 4035 iniqui
903 3984 944 4026 G
973 3983 1055 4034 5123
1088 3985 1249 4034 illique
1280 3986 1318 4024 F
1347 3985 1391 4025 4.
1426 4005 1478 4014 —
1509 3985 1759 4034 perficiunt
1786 3987 1835 4028 F.
1857 3985 1912 4026 G.
2001 3983 2063 4037 w)
2094 3989 2220 4026 terra
2246 3987 2286 4026 F
2318 3989 2360 4028 1.
2448 3984 2498 4037 x)
2529 3986 2602 4026 Ea
2632 3983 2709 4037 (Et
2726 3980 2788 4034 G)

554 4056 593 4085 e.
623 4045 678 4084 R.
710 4055 745 4084 r.
776 4045 1037 4085 nuntiatum
1067 4042 1230 4084 fuisset
1260 4042 1370 4097 (fuis
1393 4043 1402 4096 Ι
1429 4044 1543 4084 isset
1570 4044 1609 4083 F
1642 4046 1691 4093 13
1721 4044 1810 4085 fuit
1841 4042 1974 4096 G5b)
2006 4045 2043 4084 F
2078 4045 2118 4087 1.
2152 4043 2206 4087 G.
2311 4043 2358 4097 y)
2388 4054 2479 4092 que
2508 4044 2620 4083 deest
2648 4041 2688 4082 A
2721 4037 2784 4081 ⁸3.

553 4105 595 4156 z)
643 4103 810 4154 irrupit
869 4102 1109 4151 eidemque
1155 4103 1198 4142 D
1231 4103 1271 4143 2.
1326 4102 1367 4143 3.
1535 4099 1581 4153 a)
1626 4103 1810 4143 induxit
1870 4104 1909 4143 B
1945 4105 1984 4145 1.
2048 4102 2089 4143 G
2119 4103 2162 4145 4.
2328 4099 2376 4153 b)
2423 4102 2622 4142 Rodulfo
2666 4097 2709 4138 A
2742 4102 2791 4139 1.

553 4160 596 4214 c)
627 4163 692 4202 ita
720 4161 762 4202 A
794 4164 835 4203 1.
867 4163 904 4213 F
937 4163 985 4212 13
1031 4171 1235 4211 pugnam
1263 4161 1404 4203 ceteri.
1542 4159 1590 4213 d)
1622 4162 1687 4203 ita
1716 4160 1759 4201 A
1790 4163 1831 4201 1.
1863 4163 1901 4201 F
1934 4164 1982 4212 13
2039 4161 2245 4202 resident
2290 4161 2329 4200 B
2366 4164 2405 4205 1.
2452 4160 2492 4201 G
2524 4162 2564 4201 1.
2600 4160 2641 4211 2,
2688 4158 2783 4199 alii.

551 4219 595 4272 e)
629 4221 836 4262 ambiens
865 4222 903 4261 B
938 4222 1007 4263 la.
1039 4220 1074 4262 O
1107 4217 1167 4261 ‘1.
1199 4221 1271 4261 4b.
1304 4221 1346 4264 5.
1375 4220 1420 4260 D
1454 4221 1498 4261 1.
1530 4221 1571 4261 Ε
1606 4223 1646 4266 1.
1690 4219 1731 4261 G
1762 4221 1801 4260 2.
1836 4220 1879 4265 3.
1907 4222 1951 4262 4.
1985 4217 2048 4261 ’5.
2082 4222 2124 4261 6.
2157 4221 2181 4259 1
2214 4222 2255 4261 1.
2291 4221 2332 4262 3.
2411 4219 2533 4267 Quod
2561 4219 2609 4259 in
2640 4218 2783 4257 arohe-

551 4286 649 4331 typo
669 4279 813 4329 suisne
839 4280 1054 4330 putarim3
1086 4280 1299 4320 dubitans
1328 4280 1372 4319 Η
1404 4280 1446 4324 1.
1565 4278 1602 4332 t‘)
1629 4279 1805 4320 lusibus
1837 4279 1872 4320 C
1903 4279 1954 4329 5;
1986 4279 2075 4320 sibi
2105 4280 2142 4318 F
2176 4280 2219 4318 1.
2255 4278 2309 4321 G.
2346 4300 2397 4310 —
2431 4280 2638 4321 exercitu
2667 4278 2704 4316 F
2737 4278 2792 4326 13

551 4340 781 4381 exercitus
810 4340 847 4377 F
879 4338 921 4380 5.
957 4338 997 4379 G
1028 4339 1069 4379 3.
1100 4340 1143 4381 4.
1177 4339 1227 4389 53
1259 4338 1483 4380 exercitui
1512 4349 1627 4379 corr.
1658 4338 1898 4379 exercitati
1928 4340 1970 4378 D
1990 4340 2037 4387 13
2069 4338 2309 4396 exercitati
2338 4337 2378 4378 A
2398 4334 2443 4380 *3
2462 4344 2500 4378 et
2523 4336 2571 4379 ’4
2602 4349 2623 4377 e
2652 4347 2789 4388 corr„

551 4399 604 4439 B.
638 4397 673 4439 O
702 4399 743 4439 5.
775 4398 818 4439 D
853 4400 922 4439 11.
956 4397 1004 4468 G.
1031 4399 1056 4437 2
1087 4409 1108 4437 e
1138 4409 1251 4440 corr.
1286 4398 1338 4448 ὃς
1384 4398 1428 4441 b.
1463 4397 1561 4439 sive
1593 4398 1876 4439 exercituum
1906 4398 1943 4435 F
1977 4398 1999 4435 1
2034 4407 2055 4436 e
2085 4408 2217 4450 corr„
2251 4403 2289 4438 et
2319 4397 2383 4438 ita
2413 4398 2451 4472 F
2483 4399 2524 4441 2.
2558 4397 2600 4439 3.
2632 4397 2675 4438 4.
