3042 4909
532 415 755 468 PAULI
796 416 1145 469 HISTORIA
1181 414 1852 473 LANGOBARDORUM.
1927 419 2072 471 LIB.
2108 421 2176 472 V.
2388 419 2491 470 201

264 590 376 663 est,
422 602 782 670 corpusque
826 580 992 647 illius
1022 583 1205 648 iuxta
1246 580 1579 648 basilicam
1624 583 1864 649 domini
1897 584 2262 670 Salvatoris,
2351 606 2500 651 uam
2518 611 2638 655 sss?

261 664 548 752 Aripert,
616 666 792 731 eiusa
937 666 1123 749 nitor,
1189 676 1663 751 construxerat,
1739 665 2059 755 sepultum
2131 678 2245 737 est.
2408 670 2505 734 uit

261 757 474 814 autem
532 752 809 815 staturab
855 687 1119 832 {cena
1179 771 1447 837 corpore
1487 749 1709 898 gilieno,
1770 751 1941 817 mitis
1996 774 2113 839 per
2167 751 2383 817 omnia
2441 763 2504 819 et

262 833 493 898 suavis.
580 834 669 897 At
710 854 861 899 vero
908 832 1300 920 Ounincpert
1341 855 1459 898 rex
1573 834 1944 900 ermelinda⁰
2000 836 2124 900 ex<l
2169 835 2502 902 Saxonum

261 913 617 1001 Anglorum
671 938 913 1043 ¹genere
978 918 1167 982 duxit
1229 938 1518 982 uxorem.
1638 919 1820 1000 Quae
1839 929 1863 962 ⁰
1930 940 2079 983 cum
2144 919 2211 983 in
2274 918 2501 985 balneo

261 997 656 1065 Theodotem
707 1048 724 1083 ,
766 998 1043 1100 puellam
1086 1023 1170 1066 ex
1210 1000 1604 1067 nobilissimo
1654 1002 2089 1068 Romanorum
2131 1023 2365 1088 genere
2408 1023 2505 1067 or-

260 1093 456 1166 tamss,
522 1081 617 1149 ele
665 1093 797 1149 ant1
851 1104 1118 1170 corpore
1184 1085 1287 1150 et¹¹
1341 1083 1526 1149 flavis
1585 1084 1982 1172 prolixisque
2043 1107 2119 1150 ca
2165 1084 2288 1151 illis
2337 1108 2504 1185 pene

263 1167 496 1252 usquei
557 1187 598 1230 a
750 1166 901 1233 edes
970 1166 1335 1233 decoratam
1392 1167 1688 1251 vidisset,
1769 1170 1906 1234 eius
1962 1108 2504 1255 pulcEritudmem

263 1270 380 1314 suo
399 1250 428 1292 ¹¹
469 1250 606 1316 viro
730 1251 1108 1337 unincperto
1174 1252 1313 1337 regi
1376 1249 1682 1317 laudavit.
1768 1253 1897 1335 Qui
1948 1250 2029 1317 ab
2088 1255 2318 1319 uxore¹
2383 1253 2506 1318 hoc

260 1330 532 1397 libenter
559 1333 782 1400 audire
813 1333 1241 1416 dissimulans,
1284 1335 1350 1398 in
1380 1357 1690 1422 magnum
1726 1345 1942 1401 tamen
1970 1334 2219 1424 puellae
2265 1336 2505 1402 exarsit

259 1429 629 1501 amorem¹¹¹3
686 1439 806 1482 nec
856 1439 1068 1501 mora,
1121 1427 1419 1484 venatum
1437 1430 1466 1461 ¹¹
1524 1419 1592 1481 in
1646 1417 1911 1485 silvam⁰
1970 1442 2162 1505 quam
2219 1418 2505 1485 Urbeml‘

262 1499 584 1586 appellant
624 1502 910 1588 perrexit
951 1522 1296 1601 secumque
1315 1514 1343 1556 (ί
1388 1523 1570 1566 suam
1614 1504 1985 1588 coniugem?
2013 1502 2502 1568 Hermelindam

263 1583 478 1649 venire
507 1605 737 1670 praece
784 1586 853 1650 it.
929 1584 1059 1665 Qui
1103 1584 1336 1651 exmde
1364 1596 1562 1651 noctu
1590 1585 1943 1671 egrediens,
1987 1586 2284 1652 Ticinum
2312 1586 2506 1668 venit,

265 1677 329 1733 et
369 1666 490 1731 ad’
547 1689 614 1732 se
668 1669 724 1732 T
770 1668 1063 1734 eodotem
1106 1666 1381 1756 puellam
1426 1670 1644 1735 venire
1688 1669 1945 1752 faciens,
2001 1690 2145 1734 cum
2192 1673 2305 1735 ea‘
2360 1690 2506 1733 con-

264 1749 504 1817 cubuit.
591 1753 801 1834 Quam
843 1762 1059 1816 tamen
1087 1761 1311 1839 postea
1352 1753 1420 1816 in
1462 1753 1937 1835 monasterium,
1983 1753 2155 1840 quod
2184 1752 2264 1819 de
2281 1764 2310 1796 ¹¹
2339 1750 2507 1818 illius

262 1834 517 1900 nomine
558 1836 766 1900 intrav
811 1834 1108 1901 Ticinum
1149 1858 1231 1923 ap
1283 1834 1544 1902 ellatum
1590 1845 1735 1920 est¹,
1781 1838 1970 1902 misit.

429 1917 531 1983 38.
618 1917 841 1984 Alahis
883 1941 1036 1985 vero
1066 1919 1196 1984 iam
1269 1920 1468 1985 udum
1499 1930 1881 2007 conceptam
1922 1920 2324 2019 iniquitatem
2412 1940 2508 1984 ar-

261 2001 522 2084 turiens,
565 2001 995 2068 adnitentibus
1030 2002 1279 2069 Aldone
1323 2014 1387 2070 et
1431 2002 1810 2069 Grausonew
1853 2003 2195 2068 Brexlanis
2240 2003 2364 2067 civi
2411 2025 2507 2084 us,

265 2083 378 2149 sed
421 2094 486 2150 et
526 2083 666 2151 aliis
709 2085 923 2152 multis
968 2109 1050 2152 ex
1091 2086 1557 2173 Langobardis,
1617 2085 1850 2153 oblitus
1908 2096 2230 2152 tantorum
2247 2098 2277 2129 ¹
2316 2085 2507 2150 bene-

263 2167 553 2234 ficiorum
622 2191 786 2256 quae
844 2170 913 2233 in
976 2192 1124 2234 eum
1187 2193 1306 2236 rex
1367 2169 1762 2269 Ounincpert
1817 2168 2212 2256 inpenderat,
2272 2167 2506 2233 oblitus

265 2252 457 2316 etiam
498 2252 939 2318 iusiurandum
983 2274 1109 2340 quo
1129 2265 1162 2307 Y
1193 2255 1250 2319 ei
1281 2275 1348 2318 se
1391 2251 1830 2318 fidelisslmum
1873 2274 2011 2318 esse
2056 2249 2505 2338 spoponderat,

268 2355 414 2399 cum
479 2335 872 2422 Cunincpert
933 2337 1241 2420 abesset2,
1308 2358 1581 2484 reffinum
1646 2336 1783 2401 eius
1848 2344 1912 2400 et
1966 2334 2274 2421 palatium
2339 2334 2509 2399 intra

265 2417 560 2483 Ticinum
588 2421 866 2508 positum
908 2420 1157 2485 invasit.
1243 2422 1389 2503 Quo
1477 2419 1725 2485 Ouninc
1774 2429 1870 2485 ert
1895 2419 2010 2486 ubi
2037 2429 2174 2483 erat
2213 2416 2501 2500 audiens,

265 2502 521 2566 statim⁸
564 2503 649 2568 ad
690 2502 983 2586 insulam,
1074 2525 1195 2569 uae
1237 2506 1405 2568 intra
1460 2502 1671 2569 lacum
1812 2503 2017 2567 riumb
2061 2523 2191 2566 non
2232 2501 2338 2566 lon
2388 2523 2423 2565 e
2467 2523 2509 2565 a

264 2583 504 2651 Oomo⁰
547 2598 662 2670 est,
707 2586 993 2673 confugit
1049 2611 1072 2652 1
1118 2588 1268 2673 ique
1326 2609 1394 2652 se
1415 2589 1444 2630 ‘¹
1486 2587 1734 2652 fortiter
1786 2586 2219 2652 communivit.
2362 2594 2507 2650 acta

263 2680 362 2735 est
402 2680 617 2735 autem
660 2693 767 2735 ma
857 2692 898 2735 a
952 2670 1277 2738 tribulatio
1336 2670 1634 2737 omnibus
1689 2670 1799 2756 qui
1842 2693 1987 2735 eum
2033 2666 2402 2754 diligebant,
2444 2676 2510 2732 et

261 2753 542 2818 maxime
586 2693 1020 2820 sacerffgtibus
1065 2764 1130 2820 et
1172 2754 1434 2837 clericis,
1479 2776 1639 2841 quos
1684 2775 1903 2819 omnes
1944 2751 2212 2818 Alahis⁹
2270 2773 2502 2818 exosos

261 2834 557 2902 habebat.
641 2837 804 2902 Erat
855 2847 1069 2902 autem
1128 2861 1204 2904 eo
1246 2849 1537 2925 tempore
1590 2837 1946 2903 Ticinensis
2009 2834 2313 2901 ecclesiae
2375 2838 2504 2923 epi-

265 2941 373 2985 sco
419 2943 496 2985 us
524 2921 626 2987 vir
645 2920 911 2987 Domini
939 2921 1318 3005 Damianus,
1343 2921 1677 2987 sanctitate
1706 2921 2110 3009 praecipuus,
2139 2917 2509 2985 liberalibus

262 3013 385 3068 art1
430 3027 506 3069 us
551 3003 940 3069 sufficienter
978 3005 1341 3071 instructus.
1427 3006 1492 3071 Is
1538 3027 1682 3071 cum
1711 3004 1937 3070 Alahis
1978 3004 2288 3092 palatium
2330 3004 2508 3069 inva-

263 3087 419 3152 sisse
461 3089 826 3176 respiceret,
869 3088 984 3154 nef
1027 3088 1181 3176 quid
1209 3087 1291 3154 ab
1324 3110 1399 3154 eo
1428 3090 1570 3175 ipse
1600 3087 1704 3154 vel
1734 3099 1896 3154 suass
1924 3085 2196 3153 ecclesia
2222 3086 2507 3152 adversi¹¹

264 3246 313 3300 a)
345 3249 455 3289 dmi
483 3250 521 3290 Ρ
554 3252 577 3291 1
611 3249 728 3305 (poet
759 3261 863 3301 con.
894 3249 1075 3303 suppl).
1109 3250 1152 3293 G
1185 3252 1224 3294 2.
1258 3251 1302 3292 8.
1435 3250 1484 3302 b)
1518 3255 1741 3293 staturam
1773 3253 1932 3293 decem
1962 3253 2000 3292 F
2034 3254 2075 3292 1.
2211 3248 2254 3302 c)
2286 3250 2350 3289 ita
2377 3247 2421 3289 A
2454 3250 2503 3300 ις

262 3308 538 3350 Ermeunda
569 3308 610 3350 G
644 3310 695 3360 23
738 3309 1087 3352 Hermelindam
1134 3309 1177 3350 A
1211 3312 1252 3353 2.
1288 3309 1335 3351 C.
1368 3311 1428 3350 D.
1461 3310 1513 3351 P.
1551 3308 1593 3351 G
1625 3312 1677 3360 43
1722 3310 2072 3351 Hermilendam
2102 3308 2142 3349 A
2172 3309 2229 3358 43
2273 3308 2505 3349 Ermeun-

261 3367 368 3407 dam
399 3368 437 3407 B
470 3370 522 3418 23
554 3368 912 3411 Hermelendam
942 3370 981 3410 Ε
1017 3370 1067 3421 13
1099 3368 1447 3409 Hermizindam
1480 3368 1652 3421 (postea
1682 3366 1900 3420 Hermu.)
1933 3368 1974 3409 A
2006 3368 2051 3409 8.
2143 3365 2191 3418 d)
2225 3368 2271 3406 et
2299 3366 2340 3407 A
2371 3365 2414 3407 1.
2452 3387 2505 3397 —

264 3423 493 3467 sanonum
540 3426 574 3468 C
605 3424 676 3477 ἰς
722 3437 975 3469 exuonum
1017 3426 1305 3474 Anoeulornm
1354 3426 1485 3480 (corr.
1517 3425 1789 3479 anglorum)
1837 3427 1872 3469 C
1908 3428 1947 3469 1.
2097 3425 2141 3477 e)
2174 3425 2343 3474 reliqua
2372 3434 2510 3474 mque

263 3484 324 3524 aa
342 3485 476 3536 finem
505 3485 605 3525 libri
636 3496 716 3528 om.
750 3486 791 3527 A
823 3484 886 3529 ’4.
1017 3484 1055 3538 f>
1088 3485 1374 3527 Theodotam
1407 3484 1441 3526 O
1475 3486 1516 3526 1.
1554 3486 1599 3528 2.
1634 3484 1675 3526 G
1706 3486 1774 3527 50.
1808 3486 1832 3525 1
1866 3487 1915 3535 13
1947 3484 2194 3526 Teudoten
2227 3482 2268 3524 G
2300 3483 2355 3532 83
2387 3482 2507 3524 'Peu-

263 3543 418 3585 dotam
465 3542 507 3585 G
537 3540 598 3584 ·5.
746 3544 793 3597 g)
829 3548 930 3585 orta
961 3543 1001 3586 G
1034 3545 1088 3594 83
1138 3547 1345 3585 ornatam
1379 3542 1413 3584 C
1448 3543 1576 3584 1-8.
1609 3543 1633 3584 1
1668 3545 1706 3594 1,
1753 3554 1866 3586 corr.
1916 3546 2062 3584 ortam
2107 3543 2150 3583 D
2186 3544 2227 3583 1.
2280 3562 2333 3572 —
2374 3541 2436 3582 ol.
2470 3550 2511 3583 c.

261 3601 350 3645 du.
386 3601 429 3643 G
455 3602 510 3654 43
557 3603 620 3646 el.
657 3625 709 3635 —
740 3604 933 3644 vidisset
974 3603 1023 3642 in
1052 3613 1188 3652 maro.
1221 3603 1360 3653 suppl.
1409 3603 1452 3642 D
1488 3603 1531 3643 1.
1665 3600 1712 3654 h)
1742 3602 1853 3642 deese
1883 3602 1919 3641 1³
1953 3604 1977 3643 1
2027 3599 2145 3655 (poet
2175 3596 2356 3651 suppl).
2391 3597 2433 3640 G
2467 3599 2507 3639 2.

263 3658 302 3712 1)
332 3671 380 3702 u.
413 3660 473 3701 ad
502 3661 588 3701 dee.
621 3661 663 3703 G
687 3662 726 3703 2.
877 3660 926 3714 k)
959 3662 1070 3702 decet
1100 3662 1196 3702 1³1.
1230 3660 1273 3701 G
1303 3661 1436 3702 2-4.
1484 3681 1538 3691 -
1589 3660 1689 3701 viro
1721 3660 1832 3701 dom
1865 3658 1965 3701 (3⁴.
2115 3656 2151 3710 l)
2185 3667 2377 3700 uxorem
2410 3656 2506 3699 01.

268 3740 321 3751 —
354 3720 442 3760 hoc
471 3720 582 3760 deese
615 3718 657 3761 G
687 3720 729 3763 8.
863 3718 927 3772 m)
960 3730 1118 3761 amore
1150 3719 1191 3760 G
1224 3720 1263 3761 2.
1416 3716 1466 3770 n)
1497 3720 1609 3759 deese
1655 3718 1696 3759 A
1727 3719 1769 3760 8.
1922 3716 1968 3770 o)
2000 3718 2121 3758 silva
2165 3717 2206 3758 A
2238 3718 2280 3760 8.
2316 3715 2358 3757 G
2389 3716 2431 3759 2.
2463 3716 2510 3757 8.

263 3775 315 3830 p)
347 3777 519 3820 Ursam
552 3775 672 3820 G'b.
748 3780 796 3833 q)
829 3789 1078 3830 secumque
1099 3800 1147 3810 —
1166 3778 1404 3829 praecepit
1432 3779 1519 3820 aas.
1551 3778 1610 3819 D.
1689 3775 1730 3830 r)
1763 3785 1847 3818 sua
1878 3777 2076 3825 coniuge
2096 3775 2196 3818 G8.
2288 3773 2329 3826 ι)
2361 3773 2508 3817 aG2.

261 3835 299 3888 t)
331 3835 487 3890 h(a)ec
531 3837 569 3876 F
603 3839 641 3877 1.
690 3836 733 3877 G
764 3838 804 3878 2.
838 3838 880 3879 8.
915 3835 985 3887 '53
1045 3837 1133 3877 hac
1180 3837 1222 3878 G
1251 3838 1297 3879 4.
1478 3834 1529 3888 u)
1562 3836 1685 3885 quod
1730 3836 1856 3877 illius
1902 3845 2074 3877 nomen
2119 3835 2157 3875 Ρ
2192 3836 2233 3886 13
2289 3844 2334 3883 q.
2382 3833 2511 3874 illius

265 3896 454 3936 nomine
486 3894 528 3936 G
560 3895 601 3935 2.
720 3894 768 3949 v)
801 3896 831 3937 1.
864 3895 918 3937 Τ.
950 3897 1037 3936 dee.
1070 3895 1124 3939 G.
1242 3894 1303 3947 w)
1338 3895 1549 3938 Grasone
1581 3897 1621 3936 A
1640 3897 1680 3947 1,
1713 3905 1827 3935 corr.
1861 3892 2102 3935 Grannone
2130 3893 2174 3934 D
2208 3894 2258 3943 13
2291 3891 2513 3933 Gausono

265 3951 308 3992 A
341 3955 391 4003 23
423 3951 711 3995 Grausonem
741 3955 779 3995 1⁰¹
814 3956 855 3994 1.
976 3952 1025 4006 x)
1059 3957 1292 3996 tantorum
1325 3976 1378 3986 —
1410 3954 1685 4005 inpenderat
1713 3954 1798 3994 du.
1836 3951 1877 3993 G
1908 3949 1978 4002 ’ῦς
2009 3952 2086 3992 hoc
2116 3952 2208 3992 loco
2233 3950 2375 4001 pov-oie
2409 3947 2510 3992 Gl.

265 4010 315 4064 y)
349 4012 473 4062 quod
502 4013 543 4054 A
576 4013 617 4054 2.
653 4013 694 4054 8.
726 4013 765 4054 Β
799 4014 841 4054 2.
888 4012 943 4053 Ρ.
979 4012 1034 4053 G.
1185 4011 1228 4065 ι)
1260 4014 1441 4054 abesset
1489 4034 1541 4043 —
1591 4012 1722 4061 Quod
1753 4013 1840 4053 dea.
1889 4010 1924 4053 Ο
1960 4013 1999 4053 1.
2153 4008 2197 4062 a)
2226 4010 2337 4050 aaut
2370 4006 2420 4050 Ο.
2448 4007 2508 4050 D.

264 4068 314 4121 b)
346 4070 570 4120 Largium
602 4069 644 4113 G
677 4072 720 4113 4.
843 4068 883 4123 c)
916 4070 1094 4120 Quomo
1124 4072 1162 4112 1³·
1199 4073 1249 4123 ις
1282 4072 1424 4114 cumo
1455 4072 1493 4112 E·
1526 4072 1568 4114 4.
1604 4071 1646 4114 G
1681 4071 1809 4112 1-4.
1840 4070 1866 4112 1
1899 4072 1939 4112 1.
1970 4069 2083 4120 1113
2118 4067 2263 4110 Cuma
2294 4065 2337 4107 G
2367 4066 2510 4117 διας

266 4129 440 4171 Oumor
471 4127 513 4170 G
543 4126 618 4181 ’ὃς
667 4129 965 4172 commacina
994 4131 1037 4171 D
1071 4130 1122 4180 83
1172 4130 1308 4171 domo
1338 4131 1382 4171 Η
1416 4131 1455 4171 1.
1608 4128 1656 4183 d)
1685 4130 1718 4172 f.
1753 4140 1804 4171 se
1846 4128 1890 4170 A
1921 4126 1984 4170 ⁸8.
2123 4125 2168 4180 e)
2201 4125 2353 4168 Auhi·
2384 4124 2426 4167 G
2459 4126 2512 4176 ις

266 4187 376 4228 aliis
407 4198 523 4230 corr.
556 4188 637 4229 alu
668 4188 710 4231 G
744 4189 782 4229 2.
818 4210 870 4220 -
905 4199 945 4230 e.
977 4189 1210 4230 habebant
1242 4187 1283 4230 G
1316 4190 1356 4232 1.
1393 4190 1433 4231 2.
1567 4187 1604 4241 t)
1638 4199 1726 4230 nec
1756 4188 1797 4229 A
1832 4190 1873 4230 1.
1906 4189 1951 4229 2.
1984 4186 2028 4226 4.
2059 4185 2100 4227 5.
2135 4187 2177 4227 Β.
2210 4185 2372 4226 Ἐ1.4.
2406 4182 2504 4226 G1.

267 4246 379 4297 8.4;
412 4247 527 4297 quod
556 4247 603 4287 in
634 4248 859 4299 archano
878 4247 1023 4297 suisa«
1046 4247 1256 4298 putarim.
1277 4268 1329 4278 —
1348 4247 1471 4297 quod
1501 4247 1543 4288 A
1561 4249 1600 4291 2.
1660 4246 1708 4299 ς)
1742 4257 1823 4308 sue
1855 4247 2054 4309 ecclesie
2078 4243 2121 4285 A
2138 4245 2181 4285 2.
2241 4241 2290 4295 h)
2323 4243 2434 4284 aocet
2452 4241 2514 4290 G.

268 4366 324 4430 1)
364 4363 751 4419 Monmton'um
786 4382 831 4418 s.
871 4364 1082 4419 Mariae
1126 4365 1419 4430 Theodotie,
1458 4365 1615 4434 vulgo
1652 4381 1794 4418 nunc
1831 4364 1974 4418 della
2011 4362 2268 4416 Poste-la.
2309 4363 2402 4419 131.
