3042 4909
668 411 891 465 PAULI
929 410 1284 465 HISTORIA
1320 409 1997 466 LANGOBARDORUM.
2416 416 2450 465 8

259 581 462 645 Item
505 600 785 644 versus
826 575 1060 643 Pauli
1105 577 1424 644 diaconi
1470 576 1566 644 de
1608 579 1833 643 annis
1877 600 1918 643 a
1961 581 2404 667 principio.

329 697 393 762 A
480 697 753 783 rincipio
797 693 1161 762 seculorum
1205 719 1409 784 usque
1452 696 1536 762 ad
1579 695 1893 762 diluvium

460 780 715 846 nocenti
761 779 1185 868 quadraginta
1226 780 1354 846 duo
1398 780 1554 846 bina
1595 780 1771 846 milia

414 862 672 930 evoluta
714 872 1146 951 supputantur
1186 886 1497 930 annorum
1543 864 1880 931 curricula.

327 966 585 1032 Dehinc
629 987 836 1052 usque
879 986 1007 1065 quo
1050 964 1257 1032 fidelis
1300 965 1631 1033 Abraham
1676 977 1936 1036 exortus
1982 978 2078 1035 est

412 1050 632 1116 novies
676 1059 930 1116 centem
972 1048 1102 1114 duo
1149 1049 1578 1136 quadraginta
1618 1052 1859 1138 pariter

415 1133 539 1199 sibi
585 1133 974 1199 successisse
1017 1136 1172 1198 anni
1215 1133 1585 1199 scribuntur
1627 1157 1711 1200 ex
1756 1135 1994 1201 ordine.

327 1235 436 1301 Ex
478 1236 601 1299 hoc
644 1244 932 1320 tempore
977 1256 1312 1322 quousque
1354 1236 1464 1301 Mo
1511 1238 1568 1300 si
1614 1239 1682 1302 in
1723 1238 1982 1302 heremo

410 1325 899 1406 praeceptorum
942 1319 1230 1383 instituta
1272 1318 1435 1385 tradi
1482 1321 1535 1387 it
1575 1319 1943 1387 Altissimus

411 1423 610 1467 annos
655 1403 939 1488 quinque
984 1412 1048 1468 et
1091 1403 1474 1488 quingentos
1516 1406 1895 1490 praeterisse
1939 1406 2261 1474 terminos.

328 1504 521 1590 Legis
564 1502 751 1568 datae
792 1526 832 1567 a
875 1502 1102 1568 diebus
1147 1511 1210 1569 et
1252 1507 1652 1592 conscriptae
1695 1505 1957 1572 caelitus

410 1608 614 1674 usque
659 1608 785 1673 quo
828 1585 1138 1674 templum
1183 1587 1423 1654 dicavit
1462 1612 1579 1654 rex
1629 1591 2134 1675 sapientissimus

411 1669 861 1757 quadringenti
904 1673 1229 1757 octoginta
1272 1672 1457 1739 orbes
1500 1672 1742 1739 evoluti
1785 1684 1949 1739 sunt.

322 1773 650 1839 Percurrit
691 1771 842 1836 hinc
883 1770 1133 1836 annalis
1179 1772 1333 1838 ordo
1378 1796 1496 1838 sua
1539 1797 1569 1839 s
1617 1778 1759 1840 acia

452 1856 854 1943 ningentenis
898 1867 962 1922 et
1002 1854 1276 1920 bissenis
1319 1857 1502 1922 annis
1626 1857 1968 1944 abylonica

407 1880 615 2005 donec
656 1938 965 2025 populum
1008 1939 1287 2005 vastabit
1328 1906 1529 2007 Israel
1573 1943 1932 2028 captivitas.

321 2040 579 2106 Exhinc
623 2062 825 2127 usque
871 2062 998 2128 quo
1045 2040 1314 2107 salutem
1358 2042 1561 2129 Virgo
1606 2045 1830 2108 mundi
1875 2068 1954 2131 pe
2003 2050 2140 2132 erit,

404 2147 596 2211 quem
639 2124 988 2224 prophetae
1021 2124 1490 2224 ‘praedixerunt
1531 2137 1870 2193 venturum
1973 2130 2314 2214 mmanuel,

406 2206 779 2273 octodecem
823 2218 887 2275 et
929 2217 1257 2294 quingenti
1301 2213 1548 2295 peracti
1593 2223 1743 2276 sunt
1786 2211 2028 2277 circuli.

318 2311 462 2376 Rex
505 2319 761 2375 eternus
806 2308 1116 2375 mundum
1162 2311 1339 2376 venit
1378 2321 1734 2378 restaurare
1776 2311 2097 2397 perditum

404 2395 686 2481 quinque
731 2392 906 2458 milia
947 2391 1218 2479 expletis
1264 2396 1447 2458 annis
1490 2417 1531 2459 a
1573 2395 1890 2482 principio

404 2487 660 2543 centum
703 2487 896 2563 atque
941 2477 1290 2564 nonaginta
1331 2499 1565 2543 novem
1607 2478 1794 2543 hinc¹¹
1837 2502 1954 2565 per
1997 2478 2331 2546 calculum.

295 2578 619 2645 *Glorioso
662 2578 746 2644 ab
791 2578 1071 2645 adventu
1113 2578 1560 2666 Redemptoris
1605 2580 1890 2645 omnium
2454 2593 2526 2649 ’μ
2550 2601 2618 2639 14.

400 2662 485 2729 ad
527 2661 700 2728 hunc
744 2683 947 2748 usque
988 2663 1198 2749 prima
1239 2684 1478 2728 annum
1521 2663 1590 2728 in
1677 2686 1761 2728 uo
1807 2674 1904 2731 est
1944 2664 2207 2731 indictio

401 2747 785 2832 septingenti
827 2747 1163 2832 sexaginta
1204 2756 1460 2834 tresque
1504 2748 1625 2812 sim
1734 2749 1887 2816 anni
1930 2760 2096 2815 sunt.

310 2846 461 2913 Alta
504 2869 666 2934 pace
707 2868 879 2912 nunc
923 2846 1168 2914 exultat
1209 2871 1277 2913 re
1330 2849 1431 2915 ὀὓ
1474 2847 1764 2914 Ausonia

396 2930 741 2997 Desiderio
786 2932 1103 3019 simulque
1145 2931 1290 2998 Ade
1318 2931 1452 2998 chis
1496 2933 1911 3019 regnantibus

398 3014 860 3081 florentissimis
906 3025 970 3081 et
1010 3016 1155 3103 piis,
1199 3039 1349 3082 cum
1390 3016 1552 3090 ‚haec
1594 3025 1897 3084 annotata
1939 3028 2102 3083 sunt.

308 3117 754 3204 Principatum
799 3116 1152 3183 Beneventi
1196 3117 1462 3185 ductore
1503 3118 1850 3184 fortissimo

396 3200 667 3266 Arechis
709 3209 1037 3286 regnante,
1081 3200 1243 3266 freto
1289 3202 1568 3289 Superni
1612 3201 1870 3284 auxilio,

396 3282 767 3371 Adelperga
810 3306 956 3349 cum
1000 3283 1342 3371 tranquilla
1383 3288 1581 3372 stirpe
1624 3293 1809 3350 natac
1851 3287 2046 3372 regia.

308 3384 521 3452 Iudex
563 3387 781 3453 veniet
822 3409 1136 3473 supernus
1178 3386 1353 3453 velut
1394 3386 1608 3472 fulgor
1652 3385 1943 3468 caelitus3

396 3467 534 3534 dies
579 3480 675 3536 set
718 3478 828 3535 aut
868 3469 1026 3535 hora
1069 3469 1347 3557 quando,
1389 3493 1520 3536 non
1562 3481 1738 3557 patet
1780 3468 2173 3536 mortalibus.

389 3551 545 3618 felix
588 3554 726 3636 erit,
773 3575 966 3639 quem
1007 3562 1301 3641 paratum
1342 3555 1655 3621 invenerit
1668 3554 1695 3596 ‘¹
1740 3553 2077 3618 Dominus.

309 3652 478 3721 Ante
520 3662 634 3719 tuu
765 3655 931 3720 iuste
974 3655 1190 3741 iudex,
1237 3655 1390 3721 dum
1434 3656 1677 3724 steterit
1719 3654 1949 3720 solium

394 3737 665 3803 Arechis
755 3740 1028 3825 enignus
1073 3738 1302 3806 ductor
1345 3762 1492 3806 cum
1538 3737 1867 3827 praeclara
1909 3739 2201 3825 coniuge,

395 3820 562 3886 dona
604 3823 697 3887 eis
742 3843 889 3887 cum
933 3821 1151 3889 electis
1195 3822 1416 3889 laetari
1460 3823 1853 3912 perenniter!

349 4037 603 4103 Eadem
646 4036 814 4104 Adel
864 4061 1024 4125 erqa
1067 4046 1357 4105 monente
1401 4038 1656 4105 Paulus
1699 4040 2029 4125 qrandius
2076 4060 2240 4123 opus
2284 4061 2422 4104 sus·

178 4121 350 4206 cepit
365 4168 385 4200 ,
433 4121 774 4188 historiam
807 4061 1269 4190 {Romanorum
1326 4122 1405 4187 ab
1451 4123 1775 4207 Eutropio
1820 4124 2136 4206 scriptam
2181 4145 2424 4210 auqen-

179 4315 225 4369 a)
258 4319 371 4359 deese
406 4320 448 4361 1.
572 4315 621 4369 b)
653 4318 710 4362 A.
744 4330 782 4361 r.
817 4323 858 4361 1.
1012 4318 1054 4372 c)
1089 4320 1363 4371 stirpentsta
1395 4320 1526 4370 regio
1560 4322 1602 4361 1.
1755 4317 1802 4372 d)
1836 4319 2082 4372 invenerit,
2112 4319 2291 4362 steterit
2316 4330 2422 4369 pro-

176 4377 475 4418 nuntiandum
507 4378 604 4417 erit.

1889 4463 1956 4513 1.
