3042 4909
517 428 739 481 PAULI
777 428 1123 482 HISTORIA
1164 429 1839 486 LANGOBARDORUM.
1917 435 2061 489 LIB.
2101 436 2197 489 VI.
2393 434 2499 490 225

423 595 525 660 28.
611 595 757 660 Hoc
787 604 1073 696 tempore
1096 598 1432 684 Aripertus
1449 609 1490 643 ⁸¹·
1514 611 1531 646 ¹
1558 623 1676 665 rex
1705 600 2276 688 Langobardorum
2307 603 2501 670 dona-

254 680 533 744 tionemb
586 680 954 765 patrimonn
1004 679 1087 745 Al
1136 681 1269 746 ium
1329 681 1726 748 Cottiarum0
1744 733 1760 768 ,
1862 706 1982 750 uae
2040 687 2362 772 quondam
2417 687 2500 752 ad

252 764 354 826 ius
398 763 834 848 pertinueratd
875 785 915 828 a
964 773 1100 829 osto
1127 766 1264 830 icae
1322 766 1510 850 sedis,
1563 765 1672 833 sed
1729 791 1769 833 a
1868 769 2255 855 angobardis
2299 771 2498 837 multo

253 854 542 933 tempore
584 846 789 912 fuerat
830 848 914 913 ab
941 858 1047 913 ata
1066 860 1110 933 θ,
1163 849 1440 914 restituit
1493 859 1557 916 et
1597 850 1762 917 hanc
1821 851 2227 919 donationem
2285 856 2498 921 aureis

255 930 620 996 exaratamf
670 929 894 996 litteris
937 931 1210 997 Romam
1270 932 1521 999 direxit.
1624 935 1744 1000 His
1761 946 1783 981 ²
1841 937 2028 1001 etiam
2088 937 2313 1003 diebus
2367 939 2495 1004 duo

253 1034 438 1161 reges
493 1012 823 1079 Saxonum
873 1015 956 1080 ad
1004 1017 1276 1101 vestigia
1326 1016 1760 1103 apostolorum
1810 1019 2083 1085 Romam
2145 1023 2495 1105 venientes,

252 1119 331 1161 su
420 1095 771 1181 velocitate,
817 1107 889 1163 ut
931 1100 1255 1183 obtabant,
1302 1100 1585 1166 defuncti
1628 1111 1793 1167 sunt.

424 1181 524 1245 29.
611 1181 795 1247 Tunc
816 1192 840 1229 ³
885 1204 1141 1270 quoque
1183 1185 1359 1249 venit
1387 1184 1775 1250 Benedictus
1818 1186 2332 1287 archiepiscopus
2362 1188 2496 1252 Me-

255 1261 640 1330 diolanensis
660 1276 689 1320 8
717 1264 991 1330 Romam
1035 1275 1097 1332 ct
1146 1288 1409 1332 causam
1454 1270 1585 1355 egit
1626 1290 1743 1355 pro
1785 1268 2056 1335 ecclesia
2099 1271 2493 1355 Tiemensi¹13

252 1346 366 1412 sed
394 1348 600 1414 victus
631 1359 746 1432 est,
787 1371 862 1415 eo
894 1350 1067 1436 quod
1096 1373 1136 1414 a
1184 1352 1412 1437 priscis
1455 1352 1852 1439 temporibus
1883 1354 2282 1419 Ticinensesi
2329 1355 2495 1440 *epi-
2514 1356 2530 1374 ⁸
2549 1369 2593 1410 P·
2629 1357 2736 1403 ²⁷⁶·

251 1452 362 1495 sco
412 1431 434 1495 i
492 1452 531 1495 a
594 1432 884 1498 Romana
946 1433 1196 1499 fuerant
1259 1434 1529 1501 ecclesia
1591 1438 1962 1502 consecrati.
2049 1438 2236 1502 Fuit*
2281 1449 2496 1503 autem

246 1513 346 1579 his
394 1537 494 1581 em
546 1515 928 1583 venerabilis
980 1517 1371 1583 Benedictus
1424 1518 1638 1585 archie
1685 1521 1942 1607 iscopus
2000 1521 2102 1584 vir
2157 1522 2495 1620 egregiaek

246 1600 632 1746 ssanctitfffis'
692 1599 772 1666 de
830 1622 957 1687 quo
1014 1624 1130 1687 per
1187 1603 1553 1668 universam
1646 1602 1864 1669 taliam
1925 1605 2131 1670 bonae
2177 1604 2494 1690 opinlonis

273 1704 420 1746 ama
591 1684 774 1749 ravit.

412 1705 590 1832 3οῗἷὲ
627 1767 834 1854 Igitur
875 1767 1171 1834 defuncto
1203 1769 1691 1834 Transamundo
1735 1771 1897 1836 duce
1937 1768 2416 1857 Spolitanorum
2427 1784 2489 1855 ¹¹¹,
2514 1789 2615 1831 ¹108.

245 1848 643 1915 Farualdusu
709 1853 846 1916 eius
892 1851 1077 1936 filius,
1120 1853 1187 1916 in
1228 1851 1368 1918 loco
1412 1854 1614 1939 patris
1659 1865 1756 1919 est
1807 1856 2208 1940 subrogatus.
2293 1855 2493 1920 Deni-

246 1955 372 2020 que
402 1898 857 2021 Wachiiapus⁰
900 1956 1242 2021 germanus
1284 1936 1404 2001 fuit
1448 1936 1914 2002 Transamundi
1960 1946 2023 2002 et
2067 1958 2211 2002 cum
2254 1938 2444 2004 fratre
2462 1949 2491 1992 Ρ

246 2018 486 2104 pariter
528 2018 844 2084 eundem‘l
887 2020 1056 2084 rexit
1098 2019 1419 2085 ducatum.

416 2101 516 2166 31.
616 2102 706 2168 At
773 2124 928 2167 vero
993 2103 1383 2168 Iustinianus
1404 2115 1457 2188 ⁸,
1527 2104 1637 2203 qui
1696 2105 1929 2168 amisso
1996 2105 2361 2191 principatu
2418 2107 2488 2168 in

245 2184 451 2249 Ponto
469 2197 492 2227 f
543 2184 905 2270 exulabat⁸,
970 2185 1211 2251 auxilio
1255 2185 1574 2252 Terebelh
1610 2186 1964 2273 Bulgarum
2005 2189 2177 2273 regis
2218 2209 2488 2274 regnum
2512 2208 2615 2253 τοῦ.

246 2289 467 2332 rursus
494 2270 831 2356 recipiens,
864 2292 974 2337 eos
1006 2270 1118 2370 qui
1147 2292 1215 2335 se
1246 2269 1625 2357 expulerant
1650 2272 1958 2370 patricios
1990 2269 2244 2336 occidit.
2331 2271 2491 2337 Leo-

246 2374 396 2416 nem
440 2373 694 2440 quoque
740 2364 803 2419 et
830 2354 1181 2437 Tiberlum,
1226 2356 1337 2441 qui
1364 2354 1579 2419 locum
1609 2376 1747 2419 e1us
1792 2364 2276 2440 usurpaverant,
2320 2356 2493 2441 cepit

246 2439 345 2501 et⁸
388 2436 455 2499 in
498 2437 709 2502 medio
740 2439 953 2503 circo¹¹
998 2459 1214 2503 coram
1246 2440 1417 2502 omni
1445 2436 1687 2525 populo
1730 2437 2007 2524 iugulari
2048 2437 2266 2503 fecitv.
2342 2436 2492 2503 Gal-

245 2518 555 2584 licinumw
583 2543 735 2586 vero
765 2520 1229 2609 patriarcham¹
1255 2520 2032 2608 Constantinopolitanum
2061 2521 2256 2586 erutis
2287 2519 2490 2586 oculis

242 2603 517 2668 Romam
583 2606 756 2669 misit
820 2604 1193 2693 Cyrumque
1211 2617 1244 2661 Y
1320 2605 1647 2687 abbatem,
1726 2606 1836 2704 qui
1910 2627 2055 2671 eum
2112 2605 2181 2668 in
2244 2605 2488 2669 Ponto²

245 2686 501 2752 exulem
559 2687 803 2753 aluerat
816 2699 862 2772 ⁸,
908 2689 1284 2776 episcopum
1312 2690 1381 2753 in
1415 2688 1555 2753 loco
1589 2686 1887 2755 Galhcini
1931 2690 2274 2754 constituit.
2362 2687 2492 2752 Hic

247 2769 734 2836 Constantinum
767 2794 1003 2859 papam
1033 2771 1117 2837 ad
1148 2794 1216 2838 se
1259 2774 1479 2838 venire
1523 2773 1771 2856 iubens,
1814 2771 2164 2838 honorifice
2209 2772 2493 2858 suscepit

247 2932 295 2987 a)
329 2933 516 2986 Aripert
545 2934 586 2975 A
606 2937 648 2978 2.
682 2934 782 2977 G2.
873 2932 921 2987 b)
954 2935 1211 2976 donacione
1235 2935 1272 2975 Ε·
1294 2937 1334 2978 1.
1428 2932 1471 2987 c)
1504 2932 1827 2987 Scoth)iarum
1860 2934 1900 2976 G
1919 2935 2058 2987 1—83
2091 2935 2353 2978 Guttiarum
2384 2936 2423 2977 B
2445 2937 2491 2978 8.

247 2992 295 3046 d)
329 2995 651 3044 pertinuerant
686 3014 729 3026 ·-
786 2992 973 3035 ruerant
1002 2994 1053 3036 O.
1087 2995 1111 3034 1
1144 2996 1197 3045 13
1240 2995 1562 3044 pertinuerant
1599 3006 1713 3038 cerr.
1745 2994 2035 3045 pertinuerat
2065 2996 2107 3035 D
2141 2997 2183 3036 1.
2332 2993 2377 3047 e)
2411 2995 2491 3036 ab·

246 3054 391 3094 latam
420 3053 457 3092 P
492 3054 530 3094 1.
682 3050 718 3104 f)
752 3056 941 3093 exarata
974 3052 1014 3093 G
1051 3055 1088 3094 i.
1239 3050 1286 3103 g)
1319 3053 1679 3095 mediolanensis
1731 3075 1782 3084 —
1831 3053 2206 3104 archiepiscopus
2254 3053 2343 3095 dee.
2377 3053 2413 3095 Ο
2446 3055 2490 3094 2.

245 3109 297 3163 h)
330 3110 586 3152 Ticiniensi
620 3109 661 3152 G
694 3113 734 3152 1.
769 3111 811 3152 2.
963 3108 997 3163 i)
1028 3111 1315 3152 Ticinienses
1347 3110 1388 3152 G
1421 3113 1460 3152 1.
1497 3112 1552 3161 23
1599 3112 1861 3153 'ricinensis
1905 3113 1944 3153 E
1979 3113 2020 3154 1.
2053 3113 2090 3153 F
2123 3114 2162 3152 1.
2197 3112 2239 3154 G
2270 3112 2320 3164 83
2368 3112 2491 3153 'Pici-

247 3169 408 3212 nensis
439 3169 682 3220 episcopus
713 3170 766 3211 R.
801 3168 953 3211 fuerat
983 3179 1022 3210 e.
1058 3173 1327 3211 consecrata
1359 3170 1394 3210 C
1428 3172 1468 3210 1.
1503 3170 1554 3219 83
1601 3171 1865 3211 'ricinensis
1897 3180 1972 3221 ep.
2005 3171 2062 3211 R.
2095 3170 2279 3212 ruerant
2310 3181 2350 3212 e.
2384 3181 2491 3212 con·

247 3231 429 3270 secrata
459 3230 640 3274 corr.'1'.
673 3229 882 3279 episcopi
914 3238 942 3269 a
972 3228 1192 3269 Romanis
1223 3228 1374 3269 fuerat
1405 3239 1444 3270 e.
1462 3234 1732 3270 consecrata
1763 3229 1805 3268 D
1823 3230 1862 3280 1,
1895 3234 1932 3267 ee
1963 3229 2025 3268 ica
2056 3230 2185 3269 ceteri
2215 3230 2272 3271 D.
2292 3229 2335 3269 n
2370 3228 2489 3283 (ubi2

249 3287 526 3340 episcopii„
556 3287 819 3328 'ricinensis
851 3288 1097 3338 episcopus
1128 3287 1182 3328 R.
1215 3286 1367 3328 fuerat
1399 3297 1424 3328 e
1469 3290 1751 3335 congregata
1781 3286 1817 3327 O
1848 3287 1929 3336 4a3
1961 3288 2226 3329 'ricinensis
2258 3287 2493 3338 episcopis

248 3347 509 3387 Romanam
538 3346 723 3388 fuerant
754 3356 795 3387 e.
829 3345 1262 3395 congregata04b3
1294 3345 1558 3386 Ticinensis
1589 3346 1884 3395 episcopatus
1914 3346 2090 3386 Romae
2121 3344 2275 3386 iuerat
2305 3356 2346 3386 e.
2383 3355 2493 3387 con·

252 3408 441 3456 cretata
473 3404 509 3446 C
539 3404 565 3445 5
598 3402 785 3458 (Oresa).
818 3425 870 3435 -
903 3405 1052 3445 Roma
1083 3403 1124 3445 G
1157 3404 1197 3445 8.
1319 3400 1368 3453 k)
1401 3405 1582 3452 gratiae
1615 3401 1656 3444 G
1688 3402 1818 3447 1-8,
1967 3402 2003 3456 l)
2034 3404 2109 3443 Ιιοο
2137 3414 2232 3455 cap.
2266 3415 2347 3445 om.
2381 3403 2417 3446 Ο
2450 3404 2493 3446 8.

251 3464 319 3516 m)
364 3463 701 3514 spolitinorum
747 3462 788 3504 G
822 3463 950 3504 1-8.
1119 3459 1169 3514 n)
1199 3461 1456 3503 Faroaldus
1501 3461 1544 3501 A
1576 3461 1615 3503 2.
1651 3460 1692 3501 8.
1735 3462 1793 3514 D,
1840 3461 1945 3511 aliu
2004 3461 2257 3503 Paluaidus
2304 3461 2340 3503 Ο
2373 3464 2416 3506 1.
2450 3462 2493 3504 2.

253 3520 302 3575 o)
335 3522 694 3572 Wacchilappus
739 3520 780 3561 A
812 3521 838 3562 8
882 3520 1025 3575 (eraso
1070 3531 1161 3561 uno
1194 3518 1248 3571 c).
1301 3518 1342 3561 G
1374 3520 1423 3571 83
1474 3520 1789 3570 Wacchilipus
1822 3518 1862 3560 G
1892 3520 1947 3570 43
1993 3520 2339 3571 Wacchillapus
2370 3520 2407 3560 1²·
2442 3521 2495 3571 13

250 3581 582 3631 Wacchilapus
601 3579 644 3622 G
662 3582 713 3631 13
744 3580 1074 3630 Wachilaphus
1092 3579 1134 3621 G
1151 3578 1228 3630 δας
1253 3578 1537 3629 Vachilapus
1557 3577 1593 3619 Ο
1610 3580 1658 3629 1;
1691 3578 1923 3621 Vulchilla
1953 3579 1990 3618 Ρ
2009 3580 2049 3620 2.
2140 3577 2190 3631 p)
2223 3579 2367 3619 irater
2394 3578 2433 3618 1³
2453 3579 2494 3621 1.

254 3638 306 3692 q)
337 3641 446 3680 desse
477 3639 519 3679 A
550 3636 613 3680 ‘8.
752 3637 793 3691 r)
825 3640 977 3680 Pontu
1010 3637 1052 3679 G
1084 3639 1127 3680 8.
1262 3635 1303 3689 s)
1337 3637 1464 3678 exul.
1500 3659 1554 3669 —
1586 3637 1710 3687 regis
1740 3636 1826 3678 dee.
1859 3635 1912 3679 F.
1948 3634 2003 3679 G.
2154 3634 2189 3688 t)
2221 3640 2267 3679 et
2299 3657 2352 3668 —
2383 3636 2497 3680 fecit

248 3701 338 3741 des.
371 3700 414 3739 A
445 3698 488 3740 8.
610 3695 658 3749 u)
694 3698 866 3739 circum
899 3696 940 3738 G
973 3699 1014 3740 1.
1049 3698 1089 3738 2.
1123 3694 1184 3738 ‘8.
1215 3697 1258 3738 8.
1295 3717 1340 3727 -
1382 3706 1538 3737 coram
1569 3696 1679 3736 dem
1708 3696 1745 3736 Ε·
1779 3697 1801 3735 1
1856 3716 1908 3726 -
1943 3695 2071 3736 omni
2100 3695 2211 3736 deese
2241 3697 2347 3739 Dr.
2384 3696 2426 3738 G
2450 3696 2495 3738 8.

250 3756 302 3810 ν)
336 3758 458 3808 cepit
484 3757 521 3797 Ε·
555 3758 606 3807 13
635 3758 847 3808 precepit
868 3758 923 3798 E.
955 3755 1012 3798 G.
1043 3756 1068 3796 1
1102 3757 1144 3798 2.
1262 3752 1324 3807 w)
1363 3753 1602 3795 Gallinum
1633 3752 1673 3794 A
1707 3755 1758 3805 13
1792 3753 2043 3796 Gallicium
2073 3755 2112 3795 E
2131 3756 2179 3806 13
2213 3754 2496 3796 Gallinicum

252 3827 278 3857 e
308 3827 422 3856 corr.
452 3816 495 3855 D
531 3817 571 3867 1,
603 3820 641 3855 et
670 3816 733 3856 ica
764 3815 889 3856 ociori
917 3816 974 3856 D.
1007 3814 1045 3855 F
1076 3816 1121 3855 4.
1155 3813 1197 3855 G
1227 3812 1299 3865 '83
1332 3813 1609 3856 Sallicinum
1638 3814 1675 3853 F
1707 3812 1750 3856 5.
1784 3810 1825 3853 G
1857 3814 1897 3856 1.
1936 3814 1989 3864 23
2022 3811 2296 3854 Sollicinum
2330 3811 2496 3855 Gai.

252 3871 307 3926 x)
340 3874 601 3925 patriarcha
630 3873 668 3914 1³
701 3876 743 3917 1.
877 3872 925 3927 y)
959 3870 1284 3927 Gl(y)rumque
1317 3871 1359 3913 G
1390 3872 1432 3914 8.
1464 3874 1518 3921 43
1563 3871 1839 3922 circumque
1869 3869 1910 3910 A
1943 3871 1981 3912 8.
2013 3872 2056 3911 D
2090 3871 2132 3914 8.
2268 3868 2312 3923 ι)
2344 3872 2497 3912 Pontu

258 3932 303 3974 G
335 3933 385 3983 23
414 3935 604 3983 pontem
636 3932 671 3974 O
707 3936 749 3976 1.
867 3931 913 3986 a)
946 3932 1172 3974 maluerat
1201 3931 1239 3972 F
1273 3933 1313 3974 1.
1347 3930 1390 3973 G
1421 3931 1463 3973 8.
1498 3932 1552 3982 83
1585 3931 1831 3971 malluerat
1863 3929 1905 3971 G
1938 3932 1977 3970 1.

261 4079 322 4150 1)
359 4081 448 4133 Ex
487 4081 549 4133 G.
585 4086 733 4147 pont.
760 4079 865 4132 Jolz
920 4079 1045 4131 VII.
1085 4086 1132 4132 et
1156 4079 1326 4132 Beda.
1407 4080 1464 4147 2)
1502 4080 1592 4131 Ex
1620 4079 1684 4131 G.
1703 4088 1855 4147 pont.
1887 4077 2059 4131 Oonst.
2136 4078 2195 4145 3)
2234 4077 2500 4133 Indidem.

256 4157 321 4220 4)
360 4154 443 4207 De
480 4152 766 4206 Benedicta
805 4154 872 4219 cf.
913 4151 1180 4204 Muratori
1217 4152 1415 4205 Anecd.
1455 4152 1519 4215 1,·
1560 4151 1662 4204 SS.
1702 4152 1806 4217 IV,
1843 4152 1943 4214 76,·
1994 4150 2114 4202 Mai
2152 4148 2318 4203 C'lasa.
2358 4157 2498 4203 auct.

274 4228 334 4290 V,
364 4229 549 4294 praef.
591 4227 680 4279 43.
719 4223 920 4278 Auctor
956 4234 1030 4278 est
1068 4224 1326 4292 epitaphii
1365 4223 1697 4279 ceadwalla
1733 4223 1872 4294 reyis
1909 4240 2078 4291 supra
2115 4241 2156 4276 c.
2202 4225 2287 4275 15.
2382 4223 2502 4276 BE.

261 4299 326 4425 53)
347 4301 515 4426 giaco
541 4330 609 4341 —
637 4299 855 4362 occidit,
894 4299 1132 4350 Leonem
1161 4326 1226 4337 —
1266 4299 1398 4350 fecit
1423 4314 1487 4351 ex
1528 4299 1593 4352 G.
1620 4306 1774 4365 pont.
1809 4297 1930 4352 Joh.
1971 4295 2095 4350 VII.
2170 4294 2401 4363 Reliqua
2438 4313 2506 4350 ew

319 4389 345 4426 e
386 4391 436 4425 a.

1959 4472 2024 4521 15
