3042 4909
744 409 968 462 PAULI
1006 409 1355 463 HISTORIA
1394 409 2066 464 LANGOBARDORUM.
2462 413 2527 463 13

461 577 811 644 Carissimo
855 575 1033 640 fratri
1076 585 1139 642 et
1181 575 1440 641 domino
1481 574 1839 657 AdalardO,
1892 576 2030 642 viro
2075 577 2232 660 Dei,
2289 578 2526 644 Paulus

285 660 580 748 supplex.
692 660 1068 746 Cupieram,
1135 658 1364 726 dilecte
1422 662 1540 742 mi,
1604 669 1843 725 aestate
1905 662 2246 746 praeterita
2308 661 2527 729 videre

285 744 521 809 faciem
563 754 773 825 tuam,
833 743 1087 831 quando
1130 741 1253 809 illis
1298 744 1367 808 in
1417 743 1707 830 partibus
1765 742 1890 826 fui3
1947 743 2061 809 sed
2163 745 2526 845 raepeditus

281 826 654 895 lassitudine
713 828 1093 913 sonipedum
1148 826 1232 892 ad
1273 835 1336 893 te
1377 827 1593 893 venire
1635 848 1765 892 non
1819 828 2019 913 potui.
2139 830 2526 896 nterioribus

282 922 500 978 tamen
529 910 755 993 oculis,
799 911 1033 998 quibus
1062 909 1210 976 solis
1239 909 1442 992 vale0,
1485 921 1635 976 tuae
1675 910 2083 977 fraternitatis
2119 911 2523 980 dulcedinem

281 996 650 1084 frequenter
677 995 939 1081 aspici0.
1013 993 1358 1060 Volueram
1388 994 1687 1083 equidem
1717 995 1843 1061 tuis
1887 995 2171 1082 imperiis
2214 987 2344 1061 iam
2375 1007 2523 1063 ante

329 1102 539 1162 arere3
585 1079 715 1177 sed,
761 1089 982 1165 utpote
1024 1099 1273 1165 pauper
1315 1088 1378 1144 et
1421 1079 1527 1143 cui
1570 1078 1803 1145 desunt
1843 1077 2104 1163 librarii,
2210 1080 2345 1145 rius
2399 1082 2524 1147 hoc

307 1184 493 1228 acere
521 1164 801 1251 nequivi,
844 1162 1126 1228 maxime
1170 1183 1318 1227 cum
1361 1184 1464 1227 me
1506 1171 1641 1228 tam
1683 1160 1936 1248 prolixa
1962 1161 2164 1229 valitu
2213 1185 2249 1229 o
2294 1166 2523 1229 contri-

282 1247 466 1329 verit,
512 1256 584 1311 ut
625 1269 665 1311 a
693 1268 910 1313 mense
942 1245 1347 1332 Septembrio
1390 1266 1596 1332 paene
1626 1267 1831 1334 usque
1860 1244 1944 1311 ad
1974 1246 2144 1312 diem
2174 1248 2523 1313 nativitatis

281 1329 549 1394 Domini
591 1327 822 1395 lectulo
868 1329 1160 1396 detentus
1190 1329 1331 1411 sim,
1375 1350 1583 1417 neque
1624 1327 1875 1395 licuerit
1916 1328 2213 1395 clericulo
2255 1329 2365 1414 illi,
2411 1332 2523 1419 qui

282 1413 444 1478 haec
502 1412 727 1479 eadem
786 1422 1134 1501 utcumque
1189 1413 1476 1499 scripsit,
1545 1434 1804 1478 manum
1868 1412 1952 1479 ad
2003 1417 2524 1480 atramentarium

282 1498 553 1562 mittere.
642 1497 914 1596 Suscipe
968 1507 1214 1579 tamen,
1271 1498 1566 1584 quamvis
1610 1519 1770 1579 ser0,
1817 1496 2115 1583 epistolas
2161 1521 2321 1586 quas
2366 1498 2525 1565 desi-

283 1580 552 1663 derasti3
619 1589 684 1645 et
741 1601 893 1668 qma
956 1580 1111 1643 mihi
1173 1601 1280 1645 eas
1335 1588 1482 1645 ante
1539 1579 1821 1666 relegere
1885 1603 2040 1667 prae
2106 1583 2526 1681 occupatione

284 1673 451 1729 totas
495 1685 626 1728 non
666 1663 864 1745 licuit,
908 1663 990 1727 34
1021 1685 1106 1728 ex
1149 1664 1240 1728 eis
1273 1663 1430 1728 scito
1460 1661 1727 1730 relectas
1770 1672 1834 1729 et
1875 1675 2067 1752 prout
2108 1676 2287 1752 potul
2319 1688 2529 1732 emen·

282 1747 467 1813 datas
510 1768 682 1829 esse,
740 1757 995 1833 praeter
1036 1767 1247 1833 pauca
1288 1745 1462 1829 loca,
1521 1747 1590 1812 in
1633 1747 1865 1835 quibus
1908 1749 2119 1814 minus
2161 1750 2409 1835 inveni,
2465 1759 2528 1816 et

281 1841 502 1896 tamen
529 1852 672 1895 meo
716 1853 793 1896 ea
836 1852 1026 1896 sensu
1067 1829 1363 1917 supplere
1404 1829 1598 1914 nolui,
1640 1853 1723 1896 ne
1753 1831 2005 1898 viderer
2044 1834 2204 1899 tanti
2248 1833 2525 1899 doctoris

281 1915 484 1980 verba
546 1914 879 1980 inmutare.
980 1912 1234 1995 Quibus
1296 1915 1361 1977 in
1425 1913 1587 1979 locis
1653 1925 1718 1981 et
1779 1914 2132 1983 forinsecus
2197 1917 2282 1982 ad
2347 1938 2522 1983 oram

281 2007 510 2081 zetam,
556 1998 729 2085 quod
771 2006 865 2063 est
906 1998 1044 2062 vitii
1087 1998 1340 2096 signum
1405 1999 1697 2085 apposui.
1783 1999 1926 2064 Tua
1966 2000 2180 2088 itaque
2236 2000 2522 2066 fraterni·

279 2090 402 2165 tas,
446 2084 504 2146 si
546 2104 614 2147 se
656 2079 924 2146 facultas
954 2080 1220 2164 dederit,
1264 2104 1332 2147 re
1362 2081 1541 2169 ’quas
1585 2081 1883 2169 epistolas
1913 2083 1997 2148 ad
2026 2082 2522 2151 emendatiorem

277 2163 565 2252 relegere
606 2166 858 2230 studeat
886 2164 1194 2248 codicem,
1240 2165 1356 2230 sed
1398 2174 1462 2230 et
1501 2164 1664 2248 loca,
1706 2166 1773 2230 in
1818 2166 2052 2254 quibus
2076 2168 2287 2232 minus
2329 2167 2521 2234 habe-

274 2259 402 2333 tur,
446 2246 854 2314 nihilominus
883 2271 1003 2335 sup
1052 2246 1198 2314 lere.
1285 2248 1432 2314 Hoc
1466 2256 1682 2314 tamen
1724 2250 2043 2316 sanctitati
2086 2260 2232 2315 tuae
2263 2251 2520 2335 suade0,

277 2355 360 2398 ne
402 2333 645 2419 passim
686 2342 948 2418 propter
986 2355 1026 2397 a
1050 2333 1231 2420 iqua,
1292 2354 1455 2419 quae
1496 2333 1562 2396 in
1622 2333 1714 2396 eis
1759 2334 1972 2396 minus
2017 2331 2282 2399 idoneos
2326 2331 2522 2399 latere

276 2417 488 2502 magis
532 2438 728 2504 quam
771 2417 936 2482 scire
979 2415 1303 2497 convenit,
1346 2414 1775 2501 publicentur.
1861 2413 2048 2496 Vale,
2105 2415 2301 2482 frater
2352 2437 2523 2482 ama-

276 2498 454 2584 bilis,
515 2522 768 2586 semper
807 2501 875 2564 in
916 2501 1102 2566 bonis
1146 2498 1448 2599 gliscen83
1493 2507 1557 2564 et
1600 2520 1750 2564 cum
1792 2508 2069 2564 mentem
2113 2498 2196 2563 ad
2247 2522 2523 2586 superna

276 2584 643 2667 tetenderis,
687 2594 1006 2649 memento
1052 2606 1198 2648 mei.

451 2666 620 2733 Ante
664 2688 815 2731 suos
856 2666 1095 2732 refluus
1137 2666 1398 2732 Rhenus
1440 2689 1510 2732 re
1560 2665 1777 2733 edabit
1816 2666 1900 2731 ad
1944 2677 2139 2749 ortus,

532 2750 704 2816 Ante
745 2759 922 2837 petet
960 2750 1200 2816 fontem
1243 2749 1415 2815 clara
1530 2749 1722 2815 osella
1763 2771 1967 2830 suum,

452 2835 665 2916 Quam
708 2842 857 2899 tuus
902 2856 937 2899 e
981 2843 1219 2915 nostro,
1264 2856 1482 2899 carum
1526 2855 1604 2899 ac
1646 2833 2059 2901 memorabile
2103 2857 2358 2922 semper

533 2918 742 2983 Dulce
775 2916 1064 2983 Adalard
1104 2939 1357 3001 nomen,
1402 2928 1662 3004 pectore
1707 2917 1891 2983 cedat
1932 2941 2132 2985 amor.

450 3002 553 3067 Tu
594 3023 871 3090 quoque,
914 3002 967 3066 si
1009 3000 1165 3068 felix
1205 3002 1430 3088 vigeas
1474 3002 1554 3067 de
1598 3024 1861 3068 munere
1906 3001 2163 3085 Christi,

535 3086 695 3150 Esto
741 3107 987 3150 memor
1027 3083 1213 3151 Pauli
1256 3096 1509 3172 tempus
1553 3086 1621 3149 in
1664 3108 1851 3151 omne
1894 3086 2009 3151 tui.

450 3225 704 3290 Paulus
746 3247 875 3310 per
918 3225 1150 3325 plures
1193 3248 1403 3291 annos
1445 3226 1521 3289 in
1578 3224 1878 3290 Francia
1934 3225 2171 3326 deqens
2198 3225 2525 3300 *diversas

278 3311 425 3396 ejus
468 3312 766 3397 regiones
807 3310 1121 3392 visitavit,
1175 3330 1326 3375 mooe
1368 3331 1602 3395 regem,
1647 3317 1719 3372 ut
1763 3309 2034 3392 opinari
2070 3307 2200 3394 fas
2242 3318 2366 3392 est,
2426 3331 2523 3374 eo-

276 3393 580 3474 mitatus,
644 3414 795 3457 mox
851 3391 1152 3478 fortasse
1215 3392 1570 3458 celebriora
1633 3395 1740 3457 sui
1805 3392 2062 3458 ordinis
2125 3394 2525 3458 monasteria

279 3477 628 3542 ‘orationis
670 3478 897 3541 causa'
941 3477 1194 3541 adiens.
1285 3476 1648 3542 Theodonis
1690 3473 1953 3539 villam²
2008 3478 2214 3556 venit,
2267 3476 2527 3541 Pictavi

282 3559 368 3624 ab
412 3560 595 3645 Apro
641 3558 713 3624 S.
748 3557 1010 3625 Hilarii
1052 3559 1279 3625 abbate
1321 3563 1624 3646 *rogatus
1668 3557 2070 3623 celeberrimo
2071 3568 2338 3705 apostae
2366 3559 2524 3624 For·
2544 3569 2561 3589 ·
2605 3602 2616 3616 .
2698 3600 2710 3615 .

277 3653 510 3708 tunato
571 3644 982 3729 epitaphium
1039 3645 1473 3743 composuit²,·
1540 3643 1733 3707 etiam
1786 3642 1861 3705 in
1918 3641 2066 3706 bore
2139 3662 2204 3705 es
2261 3639 2525 3707 Galliae

269 3736 503 3812 partes
547 3726 891 3812 profectus
949 3748 1083 3792 esse
1124 3727 1384 3792 videtur
1404 3736 1462 3808 ⁸,
1530 3727 1645 3790 vioe
1700 3733 1912 3790 tamen
1954 3724 2258 3791 Rhenum
2310 3735 2525 3791 trans·

282 3831 744 3960 qresssdstali
786 3903 898 3959 uot
929 3916 1141 3959 annos
1170 3915 1319 3959 vero
1350 3897 1423 3959 in
1456 3895 1762 3980 patriam
1789 3893 1989 3960 rediit
1998 3916 2023 3976 ;
2067 3895 2143 3961 id
2174 3894 2349 3979 quod
2375 3914 2524 3980 reqe

270 3979 681 4061 permittente
758 3987 973 4042 actum
1002 3980 1104 4059 sit,
1150 3986 1412 4064 oportet,
1457 4001 1605 4044 eum
1634 3977 1916 4042 Paulum
1946 3980 2184 4044 intima
2207 3976 2521 4063 familia-

274 4153 339 4204 Ρ.
368 4136 510 4200 897,-
546 4136 691 4192 Ami.
732 4137 813 4202 II,
843 4155 909 4205 p.
942 4139 1078 4200 284,·
1117 4139 1201 4192 De
1238 4155 1295 4192 re
1333 4137 1466 4205 dipl.
1508 4155 1573 4204 p.
1604 4138 1730 4190 860.
1810 4138 2047 4193 Codicem
2086 4154 2137 4191 a.
2182 4136 2340 4187 1791·
2363 4135 2523 4202 furto

284 4226 396 4263 esse
442 4211 695 4277 ablatum,
749 4210 808 4263 V.
851 4210 926 4264 ΟΖ.
967 4211 1168 4265 Delisle
1204 4211 1412 4272 retulit5
1450 4228 1501 4263 v.
1539 4210 1612 4264 N.
1638 4209 1800 4264 Arda.
1840 4211 1887 4276 I,
1919 4230 1982 4278 p.
2011 4209 2135 4261 607.
2289 4210 2343 4274 1)
2381 4207 2525 4259 Hist.
2613 4223 2618 4226 ·

284 4280 463 4351 Lany.
491 4283 538 4346 Ι,
567 4285 620 4336 5.
810 4284 864 4349 2)
904 4284 1047 4338 Hinc.
1087 4283 1260 4352 Lany.
1301 4283 1382 4348 II,
1413 4285 1496 4335 13.
1723 4282 1783 4351 3)
1834 4283 1893 4336 V.
1943 4299 2110 4350 supra
2148 4280 2421 4349 epistolam
2453 4280 2527 4333 ad

285 4352 685 4412 Adalhardum.
