3042 4909
490 397 713 450 PAULI
753 396 1102 450 HISTORIA
1142 398 1813 452 LANGOBARDORUM.
1891 400 2033 452 LIB.
2075 400 2171 453 VI.
2224 426 2233 436 ·
2374 400 2480 452 219

244 564 485 631 Christi
529 575 636 631 se⁸¹
682 564 939 630 servitio
985 564 1298 649 subdenS,
1359 566 1667 632 mirabilis
1726 568 1793 630 in
1836 567 2210 654 episcopatu
2253 567 2481 650 extitit,

241 651 361 714 acb
426 651 684 715 demum
739 647 1177 714 heremiticam
1232 653 1434 716 vitam
1489 649 1761 737 eligens,
1814 649 2082 737 leprosis
2141 652 2482 716 universae

290 733 597 798 raebensd
650 732 981 819 obsequia,
1034 734 1572 799 continentissime
1632 735 1816 800 vixit.
1902 735 2005 799 De
2062 736 2242 801 cuius
2294 736 2482 799 mira-

242 757 479 884 {ilibus
536 824 695 904 aput
752 816 1102 882 Metensem
1161 818 1525 901 ecclesiam,
1589 819 1703 885 ubi
1747 819 2191 918 episcopatum
2263 820 2479 906 gessit,

240 900 405 966 liber
462 902 680 966 existit
691 912 737 982 Θ,
794 901 1079 966 eiusdem
1133 901 1445 967 miracula
1498 912 1561 966 et
1610 905 1778 968 vitae
1830 902 2278 968 abstinentiam
2337 925 2481 968 con·

240 986 449 1051 tinens
463 985 503 1049 f.
607 984 736 1050 Sed
793 994 857 1049 et
909 1007 944 1049 e
994 1006 1030 1048 o
1084 987 1151 1049 in
1207 984 1369 1052 libro
1429 1009 1618 1072 quem
1681 985 1759 1051 de
1818 987 2135 1072 episcopis
2195 988 2480 1053 eiusdem

242 1069 516 1135 civitatis
562 1069 911 1167 conscripsi
999 1069 1275 1155 agitante
1318 1069 1750 1156 Angelramno
1764 1082 1810 1154 3,
1856 1071 1994 1136 viro
2040 1072 2374 1135 mitissimo
2419 1080 2482 1136 et

241 1154 575 1218 sanctitate
634 1173 1000 1239 praecipuO,
1058 1153 1421 1240 praefataeh
1476 1153 1779 1221 ecclesiae
1838 1155 2339 1244 archiepiscopO,
2399 1155 2479 1219 de

241 1236 369 1301 -hoc
410 1237 835 1301 sacratissimo
891 1238 1031 1300 viro
1076 1236 1346 1302 Arnulfo
1393 1238 1710 1324 quaedam
1777 1240 1912 1304 eius
1968 1239 2284 1304 mirandai
2329 1261 2477 1306 con·

237 1322 486 1407 posuik·
507 1333 548 1405 ¹,
639 1341 759 1385 uae
801 1321 991 1385 modo
1037 1321 1431 1407 superfluum
1474 1322 1635 1386 duxi
1676 1323 2004 1411 replicare.

416 1406 510 1470 17.
595 1342 771 1470 {nter
825 1404 986 1469 haec
1045 1405 1439 1492 Ounincpert
1493 1407 1742 1471 cunctis
1793 1404 2247 1472 amabillimus¹
2301 1407 2478 1494 prin-

240 1510 415 1576 cepa
458 1499 604 1576 post
649 1509 798 1552 uam
829 1488 1169 1555 duodecim
1197 1511 1396 1554 annos
1425 1489 1562 1554 Lan
1612 1490 1995 1556 obardorum
2034 1511 2300 1576 regnum
2331 1500 2478 1577 post

288 1582 490 1638 atrem
541 1595 611 1638 so
638 1595 712 1637 us
765 1571 1071 1656 obtenuit,
1138 1574 1396 1639 tandem
1445 1574 1527 1639 ab
1624 1596 1700 1638 ac
1750 1573 1892 1638 luce
1945 1575 2308 1640 subtractus
2361 1584 2474 1639 est.

316 1657 415 1722 ·0m
453 1659 522 1722 in
566 1678 794 1743 campo
825 1655 1160 1740 Coronate,
1205 1659 1319 1724 ubi
1360 1657 1601 1722 bellum
1645 1668 1867 1723 contra
1894 1656 2117 1722 Alahis
2150 1658 2366 1744 gessit,
2409 1658 2478 1722 in

236 1741 521 1807 honoren
594 1739 764 1805 beati
824 1741 1125 1828 Georgii⁰
1197 1743 1493 1828 martyris
1566 1742 2020 1807 monasterium
2103 1742 2478 1807 construxit.

236 1825 392 1890 Fuit
431 1835 646 1891 autem
687 1825 788 1890 vir
829 1824 1085 1911 elegans
1130 1834 1193 1890 et
1246 1827 1419 1890 omni
1471 1826 1756 1891 bonitate
1810 1826 2198 1974 conspicuus
2239 1826 2479 1890 audax-

239 1932 366 1996 que
409 1908 695 1975 bellator.
781 1909 909 1973 Hic
939 1932 1084 1974 cum
1113 1909 1329 1975 multis
1358 1909 1931 1996 Langobardorum
1997 1909 2256 1974 acrimis
2298 1911 2479 1974 iuxta

236 1990 567 2058 basilicam
587 2006 614 2047 Ρ
677 1993 920 2057 domini
964 1991 1328 2077 Salvatoris,
1374 2015 1567 2079 quam
1666 1992 1945 2058 uondam
1994 2015 2152 2057 avus
2193 1994 2478 2058 eiusdem

238 2076 501 2163 Aripert
542 2086 984 2143 construxerat
999 2089 1042 2159 ²,
1086 2076 1371 2164 sepultus
1415 2085 1528 2141 est.
1673 2099 2031 2175 egnumque
2075 2075 2479 2162 *Langobar-

243 2160 509 2225 dorum‘l
552 2160 882 2247 Liutperto
899 2173 922 2203 ¹·
963 2161 1093 2225 filio
1135 2160 1347 2225 adhuc
1401 2158 1662 2246 puerilis
1681 2172 1702 2204 ⁸
1760 2169 1984 2225 aetatis
2036 2158 2309 2246 reliquit,
2371 2161 2477 2224 cui

239 2249 546 2393 tutlorem²
588 2244 1061 2331 Ansprandum,
1122 2246 1333 2310 virum
1376 2245 1727 2330 sapientem
1771 2253 1876 2309 et¹²
1919 2242 2269 2326 inlustrem,
2329 2266 2475 2309 con·

243 2328 327 2392 tri
372 2330 484 2393 uit.

411 2413 508 2478 18.
593 2412 848 2478 Dehinc
901 2411 1132 2498 elapsis
1190 2419 1332 2476 octo
1388 2409 1740 2492 mensibus,
1811 2411 2285 2499 Raginpertusv
2339 2410 2474 2475 dux

237 2595 286 2650 a)
318 2595 370 2639 se
401 2598 589 2639 servitio
621 2607 670 2637 se
703 2597 802 2640 61.
836 2599 877 2640 2.
967 2597 1016 2649 b)
1050 2607 1142 2648 qua
1170 2599 1209 2638 B
1230 2599 1278 2647 13
1312 2597 1375 2638 Ca
1407 2595 1465 2650 (2)
1499 2597 1542 2638 d.
1574 2607 1690 2639 corr.
1720 2596 1778 2636 ad
1809 2601 2060 2637 extremum
2094 2598 2131 2636 F
2165 2600 2205 2637 1.
2298 2594 2340 2648 c)
2372 2596 2473 2636 uni·

236 2667 418 2698 versam
450 2655 491 2697 G
523 2657 563 2696 8.
594 2656 636 2696 4.
757 2658 804 2710 d)
836 2656 1068 2708 praebens
1106 2679 1153 2688 —
1189 2655 1353 2697 mirabi
1385 2656 1469 2696 des.
1503 2656 1543 2697 A
1575 2652 1637 2697 ‘3.
1780 2652 1824 2707 e)
1859 2654 2075 2708 ex(s)titit
2104 2655 2144 2696 A
2176 2656 2218 2696 8.
2253 2656 2294 2697 4.
2332 2655 2381 2697 O.
2413 2656 2472 2696 D.

236 2717 277 2756 E
312 2718 352 2757 1.
399 2717 436 2755 F
465 2716 510 2756 4.
560 2716 601 2758 6
635 2714 704 2757 ba.
751 2717 809 2757 Η.
959 2713 993 2768 f)
1028 2727 1067 2758 o.
1101 2715 1147 2756 Β.
1181 2720 1227 2757 et
1269 2717 1355 2757 des.
1406 2715 1447 2755 G
1477 2714 1520 2767 8,
1569 2715 1645 2766 qm·
1687 2715 1798 2755 hunc
1843 2715 1980 2754 locum
2022 2716 2155 2764 plane
2200 2713 2470 2764 deformavit.

234 2773 284 2827 g)
316 2774 600 2825 Agelramno
630 2772 671 2813 A
703 2775 756 2825 8;
802 2775 1100 2824 Ascli-ammo
1134 2774 1173 2815 G
1203 2776 1256 2824 4;
1307 2774 1577 2823 Agelranno
1609 2775 1651 2813 D
1685 2774 1740 2824 ὃς
1787 2774 2089 2823 Engilramno
2124 2772 2164 2814 G
2196 2772 2272 2823 503
2320 2772 2472 2822 Ange-

234 2835 380 2875 rando
412 2835 449 2873 F
480 2834 532 2883 43
577 2832 876 2883 Auem-amno
910 2834 944 2875 C
978 2835 1019 2874 1.
1053 2834 1096 2875 2.
1243 2831 1291 2885 h)
1324 2834 1434 2873 deese
1464 2834 1506 2873 A
1537 2830 1610 2883 ‘83
1658 2845 1701 2884 p.
1737 2842 1777 2872 e.
1812 2843 1854 2874 a.
1887 2834 1970 2873 des.
2018 2832 2060 2873 A
2092 2835 2133 2874 1.
2168 2853 2219 2862 —
2253 2832 2477 2882 arehiepi-

236 2904 402 2944 scopus
435 2891 477 2933 G
511 2894 549 2932 1.
583 2893 637 2942 23
670 2893 888 2943 episcopo
922 2890 964 2933 G
996 2892 1054 2933 ὃν.
1086 2902 1127 2933 e.
1263 2890 1297 2945 i)
1330 2893 1587 2933 mirandam
1617 2893 1654 2932 F
1691 2893 1740 2942 13
1773 2892 2001 2932 miracula
2028 2892 2067 2931 B
2101 2893 2141 2932 2.
2176 2891 2217 2932 G
2248 2892 2293 2931 8.
2326 2891 2367 2930 4.
2403 2890 2471 2931 5ο.

241 2948 292 3004 k)
327 2952 570 3002 conposuit
626 2952 663 2990 F
698 2954 735 2991 1.
896 2951 932 3003 1)
964 2952 1027 2990 ita
1075 2950 1117 2991 A
1149 2953 1189 2991 2.
1224 2947 1286 2992 ’8.
1321 2952 1362 2992 8.
1393 2952 1436 2993 4.
1497 2953 1535 2992 Β
1572 2953 1611 2992 1.
1645 2953 1685 2993 2.
1746 2952 1782 2990 Ε
1818 2953 1857 2990 1.
1921 2950 1961 2991 G
1992 2952 2043 3000 13
2114 2950 2472 2992 amabilissimus

233 3010 278 3052 A
308 3007 370 3051 ·2.
405 3012 475 3053 sa.
507 3011 546 3050 B
580 3011 650 3053 ia.
681 3011 718 3050 Ρ
748 3010 791 3052 4..
823 3011 865 3055 5.
901 3009 942 3050 G
973 3012 1013 3050 s.
1049 3011 1089 3051 s.
1123 3011 1165 3050 4.
1199 3009 1272 3051 5ο..
1296 3021 1339 3060 ος
1386 3010 1598 3051 amabilis
1628 3009 1670 3050 A
1702 3009 1763 3050 1?
1795 3008 1845 3051 ο.
1877 3000 1991 3050 D.‘1
2023 3011 2064 3051 1.
2200 3008 2263 3060 m)
2295 3009 2385 3049 Hic
2418 3029 2472 3040 -

237 3070 494 3111 construxit
524 3080 607 3110 om.
640 3069 683 3109 A
715 3064 775 3111 ’4.
866 3066 916 3120 n)
948 3070 1171 3109 honorem
1202 3068 1323 3110 Al?
1355 3069 1395 3111 8.
1432 3069 1479 3111 0.
1512 3070 1573 3111 D.
1665 3067 1710 3121 o)
1747 3068 1935 3110 Geordii
1970 3068 2075 3118 685
2110 3067 2324 3118 Gregorii
2355 3066 2471 3108 As?

232 3126 284 3180 p)
319 3129 515 3169 basilica
554 3128 592 3168 F
626 3129 665 3171 1.
699 3126 740 3170 G
771 3127 832 3168 2?
982 3126 1029 3179 q)
1060 3129 1137 3168 hoc
1166 3129 1256 3167 loco
1287 3128 1440 3168 desinit
1485 3129 1523 3168 B
1560 3130 1599 3170 1.
1751 3126 1792 3180 r)
1823 3127 2035 3177 Liutpert
2067 3127 2108 3167 G
2139 3128 2191 3177 83
2237 3127 2476 3176 Lintepert

239 3187 282 3229 G
308 3186 364 3238 43
393 3187 630 3237 Luitperto
662 3187 696 3228 G
731 3188 782 3237 13
828 3187 1081 3228 Liudberto
1123 3186 1164 3227 G
1195 3188 1248 3238 23
1292 3186 1547 3237 Luuiperto
1592 3186 1633 3226 A
1665 3187 1706 3227 8.
1858 3185 1897 3238 s)
1929 3186 2132 3237 puerulis
2178 3185 2219 3226 A
2253 3187 2292 3227 2.
2347 3185 2388 3226 G
2418 3185 2472 3235 8;

237 3246 432 3298 puerulo
464 3249 614 3287 aetate
645 3246 687 3286 D
721 3246 761 3289 2.
881 3243 916 3297 t)
949 3249 1098 3287 tutore
1129 3245 1165 3285 F
1201 3247 1240 3285 1.
1373 3244 1422 3298 u)
1453 3246 1564 3285 deest
1598 3244 1639 3285 G
1670 3245 1712 3286 8.
1744 3246 1787 3285 4.
1923 3242 1969 3297 v)
2002 3244 2324 3295 Ragimpertus
2354 3243 2396 3284 A
2430 3244 2471 3286 2.

240 3306 279 3346 F
314 3306 353 3346 1.
390 3303 431 3345 G
464 3306 513 3354 13
543 3304 866 3354 Ragimbertus
901 3304 942 3345 G
975 3305 1020 3355 83
1051 3304 1249 3355 Rassinb.
1283 3305 1326 3344 D
1358 3303 1398 3346 2.
1435 3305 1488 3354 83
1520 3304 1685 3354 Rainp.
1720 3302 1819 3345 68.
1840 3304 1883 3344 4.

240 3462 297 3531 1)
337 3461 440 3517 SS.
477 3461 559 3526 ΙΙ,
597 3479 660 3529 p.
694 3462 818 3514 264.
968 3459 1026 3529 2)
1066 3460 1134 3513 In
1190 3460 1318 3512 urbe
1373 3460 1523 3528 regia
1570 3458 1849 3523 Pioinemi,
1903 3457 1995 3510 ubi
2050 3459 2241 3529 leqt‘tur
2295 3459 2474 3511 adhuc

237 3536 298 3589 in
334 3537 517 3590 eadem
556 3535 778 3588 basilica
815 3534 965 3602 apud
1003 3532 1336 3587 Gaesinenses
1391 3533 1672 3586 monachos
1696 3532 2066 3600 fragmentum
2104 3531 2363 3598 epitaphii
2398 3532 2475 3583 ad

236 3609 384 3662 illius
447 3610 705 3661 tumulum
761 3606 1025 3675 appositi,
1095 3608 1238 3674 quod
1291 3607 1453 3673 refert
1510 3606 1781 3658 Mur-aton·
1834 3605 1892 3656 in
1950 3605 2039 3659 zib.
2095 3602 2474 3671 antiquitatum

236 3683 544 3736 Estems'um
579 3699 698 3748 cap.
739 3681 788 3746 I,
830 3682 916 3745 10,
952 3698 1009 3747 p.
1051 3682 1149 3732 ⁷3.-

605 3774 781 3826 Aureo
820 3788 887 3825 ex
923 3773 1066 3824 fonte
1107 3774 1389 3840 quiescunt
1423 3773 1479 3822 in
1518 3770 1702 3822 ordine
1741 3785 1917 3836 reges,

606 3847 771 3910 Avus,
807 3851 978 3914 pater,
1016 3846 1105 3897 hic
1144 3846 1284 3898 filius
1322 3844 1641 3897 heiulandus
1679 3850 1892 3895 tenetur

609 3920 956 3986 Cuningpert,
994 3920 1395 3972 florentissimus
1435 3933 1500 3969 ac
1538 3918 1933 3969 robustissimus
1970 3931 2080 3980 rex,

608 3995 779 4057 Quem
819 3992 1088 4045 dominum
1127 3993 1307 4057 Italia,
1345 3997 1549 4059 patrem
1590 3997 1749 4057 atque
1787 3996 2073 4058 pastorem,

608 4066 745 4118 Inde
784 4065 963 4118 flebile
1001 4070 1243 4118 maritum
1283 4068 1391 4117 iam
1429 4065 1656 4118 viduata
1693 4070 1892 4131 gemet.

603 4140 728 4192 Alia
766 4138 833 4190 de
870 4144 1022 4208 parte
1062 4142 1110 4191 si
1148 4141 1407 4205 originem
1447 4154 1691 4205 quaeras,

607 4214 726 4265 Rex
761 4212 862 4263 fuit
897 4229 1044 4276 avus,
1083 4219 1253 4265 mater
1288 4211 1654 4280 gubernacula
1691 4211 1863 4262 tenuit
1898 4209 2070 4275 regni.

609 4284 884 4338 Mirandus
924 4290 1038 4338 erat
1072 4286 1257 4349 forma,
1295 4286 1442 4353 pius3
1480 4299 1647 4349 mens,
1687 4284 1734 4336 si
1771 4284 2026 4349 requiras,

613 4357 863 4409 Miranda
903 4391 1864 4411 ..................
1904 4355 2000 4406 ΒΙ.

2498 1513 2598 1556 700.

2496 2092 2512 2111 ‘
2530 2107 2575 2147 p.
2607 2096 2710 2140 171.
