3042 4909
317 574 397 630 ’μ
433 579 535 620 1⁹0.

554 397 661 447 246
1074 391 1370 443 CARMEN
1409 392 1511 441 DE
1553 389 1844 442 SYNODO
1888 387 2282 439 TIOINENSI.

1060 557 1465 623 *Sublimev
1510 566 1688 620 ortus
1731 556 1799 618 in
1840 555 2076 620 finibus
2119 554 2431 638 Europe»

887 644 984 707 La
1077 641 1444 706 'bardorum
1487 638 1700 725 regale
1742 640 2063 724 prosapia,
2273 650 2280 661 ·

887 748 1005 791 rex
1114 724 1468 789 aribertus⁰
1512 725 1659 809 pius
1703 734 1767 788 et
1810 721 2161 787 catholicus

886 809 1306 874 Arrianorum
1351 806 1629 873 abolevit
1669 806 1956 870 heresem
1972 806 2001 847 ²¹

886 903 950 959 et
992 893 1405 957 christianam
1447 890 1642 955 fidem
1684 888 1834 955 fecit
1877 909 2182 953 crescere.
2222 896 2288 966 -Ι-

1058 1000 1314 1066 Subolis
1356 1001 1508 1064 item
1553 998 1845 1063 Berthari
1862 1009 1888 1040 ⁰
1933 999 2002 1060 in
2044 995 2274 1060 solium

886 1086 1070 1172 regni
1112 1085 1435 1166 suffectae,
1480 1083 1765 1147 imitatus
1807 1082 2099 1167 protinus

887 1167 1184 1256 exempla
1225 1168 1443 1254 patrie,
1488 1166 1574 1230 ad
1614 1165 1809 1230 fidem
1855 1174 2222 1229 convertere

885 1252 1195 1319 Iudaeos‘
1235 1251 1388 1316 fecit
1428 1249 1884 1336 baptizandos,
1939 1247 2194 1313 credere

890 1338 1002 1423 qui
1044 1344 1456 1415 rennuerunt,
1498 1332 1786 1418 gladium
1826 1353 2172 1418 peremere.
2218 1340 2288 1405 -Ι-

1057 1443 1262 1507 Tutor
1303 1451 1367 1506 et
1405 1452 1631 1522 rector,
1674 1450 1923 1505 amator
1964 1438 2286 1520 ecclesiae,

888 1548 929 1589 a
969 1526 1398 1590 fundamentis
1443 1534 1848 1589 constructor
1891 1520 2186 1588 coenubii
2201 1533 2249 1603 8,

885 1607 998 1673 ubi
1041 1620 1104 1674 et
1150 1608 1387 1674 Christi
1431 1608 1789 1673 conlocavit
1828 1605 2094 1671 famolas
2109 1607 2155 1648 ¹¹·
2176 1618 2216 1687 ¹,

889 1714 1002 1756 sua
1045 1692 1350 1778 praefecit
1389 1713 1696 1776 germana
1737 1692 2013 1777 egregia,

889 1777 1063 1861 ipsas
1107 1785 1393 1839 materno
1437 1796 1655 1839 amore
1702 1785 1773 1839 ut
1812 1778 2083 1858 regeret.
2134 1784 2200 1848 -1-

1055 1886 1308 1949 Tertius
1349 1885 1549 1948 immo
1592 1888 1824 1970 nepusi
1870 1883 2127 1970 adque¹¹
2169 1882 2338 1946 filius

889 1991 1007 2033 rex
1051 1967 1597 2053 cuningperenm¹
1643 1966 2023 2032 sublimatus
2066 1977 2352 2053 tempore

887 2052 1194 2117 moderno
1238 2062 1446 2116 rector
1485 2052 1664 2116 fortis
1707 2061 1771 2115 et
1812 2052 2157 2137 piissimus,

888 2135 1156 2202 devotus
1201 2135 1395 2200 fidem
1437 2134 1844 2200 christianam
1894 2133 2117 2217 colere,

886 2219 1299 2285 ecclesiarum
1342 2218 1577 2283 ditator
1617 2228 1683 2282 et
1725 2218 1961 2304 opifex.
2006 2229 2077 2296 4-

1057 2328 1306 2394 Elictus
1348 2337 1540 2414 gente
1582 2350 1621 2391 a
1665 2329 1809 2393 Deo
1851 2337 1925 2392 ut
1963 2338 2213 2413 regeret

888 2411 1438 2497 Langibardorum
1450 2424 1512 2493 ¹¹¹,
1558 2410 1824 2477 rebelles
1869 2412 2257 2498 conpescuit,

892 2492 1058 2558 bello
1099 2497 1448 2594 prostravit
1491 2494 1697 2560 Alexo
1718 2507 1741 2540 ²
1785 2497 2176 2582 nequissimo
2189 2508 2239 2577 ¹¹,

892 2578 1262 2644 semidiruta
1302 2589 1673 2665 nuncupata
1712 2579 1957 2643 Motina

891 2660 1049 2726 urbe
1067 2673 1093 2704 ⁰
1135 2663 1409 2748 pristino,
1450 2661 1676 2726 decore
1719 2663 2012 2727 restituit.
2049 2674 2120 2741 4-

1059 2771 1306 2837 Exorta
1349 2774 1579 2837 scisma
1619 2773 1747 2836 iam
1789 2774 1998 2857 prisco
2045 2771 2124 2837 de
2167 2780 2454 2857 tempore

890 2856 972 2919 ab
1015 2853 1310 2940 aquilone
1352 2866 1551 2940 parte,
1595 2856 1764 2920 unde
1806 2855 2088 2942 pandere

892 2935 1131 3000 malum
1173 2939 1238 3000 in
1281 2946 1450 3002 terra
1489 2940 1863 3002 universum
1904 2938 2218 3025 propheta

892 3019 1368 3084 vaticinandum
1410 3021 1614 3084 Isaias
1659 3032 1916 3087 cecenet
1931 3034 1974 3076 Ρ·
1993 3032 2036 3105 ³,

896 3100 1008 3165 ubi
1051 3103 1364 3188 superbus
1407 3103 1707 3169 thronum
1748 3104 1982 3170 cadens
2025 3104 2235 3190 elegit.
2275 3117 2347 3182 -Ι-

1059 3213 1284 3278 Fontis
1325 3213 1584 3280 labacro
1626 3236 1922 3302 recepere
1967 3215 2172 3281 simile
2187 3228 2236 3297 (Ι,

894 3296 1229 3363 nobiscum
1272 3296 1460 3362 simul
1503 3299 1884 3364 Trinitatem
1928 3299 2183 3364 credere

891 3379 1343 3479 Aquiligenses
1386 3381 1783 3448 dissedentes
1799 3394 1823 3424 ¹·
1868 3382 2184 3467 synodum

894 3474 1172 3549 qmnta⁴,
1218 3466 1330 3551 qui
1370 3473 1543 3530 totus
1588 3466 1932 3530 concordat
1967 3487 2115 3530 cum
2159 3473 2435 3551 quartas,

890 3569 1020 3611 una
1060 3557 1458 3634 tempnentes
1476 3554 1495 3592 ‘
1537 3550 1631 3614 rei
1672 3549 1826 3613 facti
1870 3550 2177 3613 omnium.
2241 3561 2309 3628 4-

559 3722 604 3775 a)
637 3723 855 3764 Sublimis
889 3726 930 3766 2.
1064 3726 1114 3779 b)
1146 3729 1364 3778 Europae
1395 3729 1437 3768 2.
1572 3727 1615 3779 e)
1647 3728 1919 3770 Han-ibertus
1953 3730 1995 3773 2.
2131 3727 2177 3779 d)
2209 3729 2410 3769 heresim
2443 3729 2487 3769 2.
2611 3728 2658 3780 e)
2690 3731 2810 3771 Ber·

559 3782 730 3822 tharith
763 3784 803 3823 2.
969 3782 1006 3834 f)
1039 3785 1205 3826 Iudeos
1238 3787 1279 3827 2.
1441 3786 1486 3839 g)
1519 3787 1732 3827 coenobii
1764 3789 1805 3828 2.
1968 3786 2016 3839 h)
2045 3788 2244 3828 famulas
2278 3789 2318 3828 2.
2466 3785 2520 3838 i),
2538 3796 2692 3837 napus
2725 3789 2804 3829 Be.

558 3839 609 3889 k)
644 3844 780 3889 atque
799 3841 841 3880 2.
961 3840 997 3893 l)
1031 3842 1366 3885 Ounincbertus
1385 3846 1425 3885 2.
1549 3844 1612 3896 m)
1639 3846 2050 3895 Langobardorum
2068 3847 2107 3886 2.
2211 3843 2262 3896 n)
2293 3845 2414 3886 Alex
2442 3847 2744 3893 iniquissimo
2764 3848 2809 3887 2.

562 3896 608 3949 o)
642 3899 747 3938 urbi
779 3901 819 3940 2.
970 3899 1020 3952 p)
1052 3903 1234 3943 cecenit
1265 3904 1305 3943 2.
1471 3901 1519 3953 q)
1552 3904 1819 3945 lavachrum
1867 3916 1902 3947 r.
1948 3905 2148 3946 similem
2180 3905 2219 3943 2.
2370 3902 2412 3955 r)
2445 3904 2725 3946 dissidentes
2758 3907 2808 3947 2.

561 3955 602 4008 s)
634 3958 720 3996 1111
747 3960 786 3997 1.
821 3959 860 3997 2.
981 3957 1017 4010 t)
1049 3963 1305 4001 temnentes
1339 3961 1379 4002 2.

563 4103 621 4171 1)
662 4104 741 4171 Qf.
780 4106 937 4157 Paul.
990 4106 1049 4168 V,
1088 4108 1176 4158 34.
1289 4105 1347 4173 2)
1386 4105 1606 4159 Alachie
1642 4109 1788 4172 dux5
1825 4110 1893 4175 qs.
1935 4109 2094 4162 Paul.
2146 4110 2205 4173 V,
2244 4111 2481 4162 38—41.
2613 4110 2674 4177 3)
2716 4111 2805 4166 De

559 4176 791 4229 Jeremia
827 4179 880 4241 4,
921 4179 972 4231 6.
1021 4178 1248 4246 coqitare
1285 4178 1525 4231 videtur.-
1584 4184 1709 4247 quia
1760 4182 1957 4234 malum
2009 4198 2111 4249 ego
2164 4183 2376 4234 adduco
2416 4183 2483 4234 ab
2523 4185 2805 4250 aquilone.

465 4300 471 4305 ,
560 4247 622 4312 4)
660 4248 740 4314 (ff.
778 4250 936 4301 Paul.
1001 4251 1091 4314 VI,
1135 4253 1220 4315 14,
1272 4253 1365 4318 qui
1401 4253 1465 4303 de
1509 4254 1711 4320 synodo
1771 4254 2033 4306 Ticine‘nsi
2074 4272 2301 4321 prorsus
2355 4264 2509 4307 tacet.
2607 4255 2800 4323 Neque

559 4319 746 4371 Mami
781 4338 947 4387 neque
985 4321 1142 4374 etiam
1166 4324 1353 4389 quele
1377 4321 1437 4374 in
1475 4326 1665 4379 ultima
1689 4325 1812 4378 libri
1849 4326 2072 4381 editione
2098 4327 2209 4393 ejm
2233 4327 2541 4380 mentionem
2550 4328 2799 4394 faciunt.
