3042 4909
537 409 606 459 38
1000 408 1223 460 PAULI
1262 407 1610 461 HISTORIA
1647 407 2321 460 LANGOBARDORUM.

534 578 617 643 26
645 565 742 643 in.
772 577 868 659 II,
905 577 1068 642 1-4
1093 578 1257 641 med.
1300 574 1485 641 5—7.
1547 575 1674 656 ΙΙΙ,
1723 575 1823 641 12.
1868 576 1969 640 13.
1999 575 2099 640 15.
2134 575 2232 639 17.
2260 576 2365 641 23.
2393 576 2496 643 24.
2525 577 2630 643 26.
2675 576 2778 641 29.

532 663 652 744 IV,
694 663 758 726 5.
803 661 862 725 6.
908 662 967 729 8.
1015 661 1113 725 17.
1158 662 1261 725 26.
1304 659 1403 724 33.
1450 658 1553 723 36.
1613 660 1678 740 V,
1723 660 1950 725 6-13.
2005 659 2104 741 VI,
2145 659 2208 723 4.
2250 658 2313 724 5.
2359 660 2625 724 11-14.
2670 660 2773 725 31.

534 747 636 811 32.
681 746 787 811 34.
831 745 933 810 36.
974 746 1079 810 40.
1133 744 1236 809 37.
1290 743 1394 808 42.
1453 742 1726 808 46-49.
1780 744 1882 808 53.
1941 743 2025 808 54
2075 747 2280 825 init.).
2343 743 2421 809 G.
2458 745 2545 808 H.
2587 744 2775 810 Pertz

536 831 693 894 haec
740 853 881 894 cum
927 830 1292 894 BIuratorii
1333 829 1612 893 editione
1655 826 1946 892 contulit.

702 913 841 1000 (71)
888 912 948 978 G
977 913 1038 977 3.
1139 912 1793 978 Vindobonensis
1834 911 1961 976 Nr.
1990 912 2116 976 237
2147 912 2355 995 (Hist.
2378 911 2560 997 prof.
2590 913 2774 996 680),

531 997 791 1063 membr.
810 1019 861 1062 s.
884 997 963 1061 X.
984 997 1047 1078 4,
1076 1020 1219 1062 una
1246 1019 1454 1062 manu
1476 1005 1816 1078 eoearatus,
1847 1018 2016 1080 quae
2038 996 2138 1060 nil
2158 998 2300 1061 nisi
2321 996 2522 1061 Pauli
2539 996 2777 1063 librum

534 1079 1940 1247 amptafflsspssfsswxffidss(
1950 1079 2347 1229 {uffa-Ze
2360 1080 2598 1229 6.)..ἵέ
2624 1080 2778 1230 {43-

532 1259 770 1335 rupta,
828 1259 904 1313 ut
957 1251 1075 1333 qui
1123 1187 1295 1313 tunc?
1337 1250 1538 1334 hujus
1593 1248 1751 1314 libri
1799 1233 2160 1332 eccemptum
2195 1246 2503 1333 faciebat
2540 1270 2621 1312 ea
2661 1250 2779 1314 vix

532 1334 740 1420 leqere
779 1342 1017 1419 posset.
1119 1332 1465 1398 Verborum
1496 1330 1768 1417 formas
1819 1334 1987 1397 satis
2042 1334 2241 1397 rudes
2284 1332 2640 1433 plerasque
2697 1355 2778 1398 ecc

533 1421 875 1483 vetustiore
927 1416 1093 1481 libro
1151 1425 1444 1501 receptas
1492 1438 1665 1498 esse,
1730 1425 2107 1502 comparato
2165 1415 2380 1482 codice
2436 1414 2499 1480 G
2525 1416 2570 1480 4
2623 1418 2778 1483 huic

537 1500 867 1587 affinitate
903 1503 1249 1586 conjuncto
1293 1500 1598 1565 docemur
1607 1523 1633 1583 ,·
1680 1499 1823 1565 alia
1850 1510 2066 1565 tamen
2096 1510 2154 1565 et
2180 1502 2324 1586 ipse
2355 1502 2777 1566 amanuensis

523 1607 838 1671 peccasse
885 1585 1161 1651 videtur.
1260 1584 1344 1648 In
1403 1584 1640 1669 quibus
1696 1584 2123 1650 emendandis
2172 1594 2402 1669 postea
2457 1593 2778 1650 corrector

537 1669 903 1734 desudavit.
1027 1668 1321 1734 Codicem
1393 1669 1511 1732 sub
1592 1670 1916 1754 auspiciis
1984 1668 2225 1733 Pertzii
2290 1669 2563 1734 Pirsner
2629 1690 2775 1733 cum

537 1753 731 1818 editis
803 1751 1092 1834 contulit,
1153 1753 1526 1817 Bethmann
1585 1752 1708 1817 hac
1765 1773 1967 1837 opera
2008 1775 2172 1817 usus
2195 1753 2360 1838 fuse
2412 1752 2772 1837 descripsit,

537 1836 737 1901 Arch.
799 1837 937 1918 VH,
969 1859 1047 1921 p.
1089 1835 1217 1899 275
1259 1858 1415 1921 sqq.,
1457 1838 1844 1901 sententiam
1887 1858 2036 1902 vero
2081 1837 2159 1901 de
2200 1838 2348 1922 ipso
2406 1846 2561 1901 tunc
2609 1857 2773 1922 pro·

537 1921 745 1986 latam
789 1931 1028 2006 postea
1070 1942 1358 2006 prorsus
1407 1922 1633 2006 rejecit
1680 1943 1949 2006 eumque
2005 1922 2123 1986 hoc
2164 1920 2302 1987 loco
2356 1942 2490 1986 esse
2583 1942 2775 1986 onen-

535 2006 694 2070 dum
720 2004 1055 2069 intelleoeit.
1108 2003 1511 2105 ‘Scripturae
1541 2005 1866 2090 specimen
1895 2004 2044 2069 vide
2072 2006 2147 2068 in
2174 2004 2306 2069 tab.
2334 2004 2453 2072 IV.
2476 2028 2509 2069 e
2558 2051 2574 2067 .
2617 2007 2776 2090 maj.
2891 2079 2898 2086 κ

711 2088 850 2178 (72)
896 2086 1082 2152 638.
1184 2088 1830 2153 Vindobonensis
1883 2089 2010 2153 Nr.
2051 2089 2179 2154 406
2221 2089 2404 2173 (Jur.
2509 2090 2579 2152 ⁶10.
2634 2089 2774 2169 64),

540 2174 691 2238 olim
747 2171 1165 2237 Gotwicensis
1180 2220 1199 2253 ,
1271 2173 1529 2237 membr.
1586 2196 1637 2237 s.
1690 2172 1842 2236 XII.
1882 2172 2036 2258 fol„
2094 2174 2171 2236 in
2266 2195 2348 2237 uo
2406 2172 2774 2236 Historiam

539 2257 690 2322 Lan
693 2256 1135 2343 qobardorum
1153 2256 1292 2320 Lecc
1307 2257 1841 2342 Bajuvariorum
1857 2256 2177 2321 antecedit
2190 2196 2354 2341 (IL.
2370 2255 2501 2336 ΙΠ,
2504 2278 2577 2340 p.
2594 2255 2772 2337 188).

538 2342 801 2407 Desinit
841 2340 941 2422 VI,
971 2341 1076 2422 44,
1105 2342 1326 2406 scriba
1355 2342 1744 2406 adnotante:
1789 2340 1969 2405 deest
1993 2339 2283 2405 multum.
2345 2340 2617 2405 Praeter
2646 2337 2706 2403 G
2736 2338 2778 2403 3

539 2447 1032 2509 nonnumquam
1084 2424 1288 2490 codeoe
1344 2425 1577 2490 classis
1624 2423 1682 2491 G
1712 2423 1811 2489 vel
1838 2425 1907 2487 D
1953 2425 2285 2491 adhibitus
2324 2446 2456 2489 esse
2497 2424 2778 2489 videtur.

539 2509 763 2596 Hujus
848 2533 931 2574 uo
976 2531 1056 2573 ue
1098 2508 1397 2575 lectiones
1442 2511 1728 2574 enotavit
1769 2508 2061 2573 Pirsner.

706 2593 818 2679 (73
981 2593 1043 2657 4.
1143 2594 1208 2657 U
1216 2593 1432 2680 ltraj
1447 2595 1769 2658 ectinus
1812 2593 1938 2657 Nr.
1983 2592 2127 2673 287,
2175 2592 2327 2657 olim
2374 2591 2773 2675 Campensis,

536 2677 793 2742 membr.
828 2674 963 2761 fol.
1006 2678 1165 2740 min.
1212 2699 1260 2741 s.
1290 2677 1381 2740 -X.
1423 2677 1521 2741 vel
1574 2676 1689 2740 XI.
1732 2678 1849 2758 in.,
1900 2678 2184 2763 paqinis
2239 2676 2574 2760 bipartitis
2625 2677 2775 2740 niti-

540 2761 805 2825 dissime
841 2768 1180 2824 eoearatus.
1244 2762 1693 2825 Amanuensis
1735 2783 1903 2847 quae
1945 2770 2261 2845 corrupta
2288 2759 2646 2846 judicabat
2678 2758 2776 2824 vel

536 2844 758 2908 minus
785 2842 1183 2929 intelliqebat
1208 2844 1285 2909 in
1308 2846 1607 2931 marqine
1631 2846 1975 2909 annotavit
1996 2846 2223 2931 (siqno
2244 2847 2339 2909 r}-
2363 2875 2446 2900 =
2466 2843 2777 2929 require),

538 2948 1033 3012 nonnumquam
1168 2931 1375 2993 atium
1415 2950 1696 2993 vacuum
1752 2928 2035 3028 reliquit,
2088 2938 2362 2994 ceterum
2420 2926 2775 3011 eoeemplar,

583 3033 666 3075 uo
711 3033 870 3076 usus
913 3021 1022 3093 est,
1158 3009 1199 3073 3
1242 3011 1468 3094 simile,
1512 3014 1678 3077 satis
1704 3012 1994 3096 fideliter
2034 3014 2430 3097 expressisse
2480 3012 2740 3076 videtur
2748 3031 2774 3092 ,·

576 3093 631 3177 Ι,
674 3093 939 3159 18-20.
982 3095 1234 3177 desunt,
1276 3096 1526 3161 lacuna
1567 3119 1702 3161 non
1744 3097 2066 3161 indicata.
2129 3097 2457 3163 Lectionis
2488 3097 2778 3160 varietas

538 3178 852 3245 Leibnitii
900 3202 1106 3244 manu
1159 3183 1413 3266 scripta
1465 3183 1639 3245 inter
1691 3181 1963 3245 schedas
2014 3183 2233 3265 ipsius
2281 3183 2357 3246 in
2400 3179 2779 3245 bibliotheca

538 3264 730 3348 reqia
759 3263 1263 3328 Hannoverana
1304 3273 1535 3346 exstat,
1581 3262 1852 3329 alteram
1897 3288 1941 3328 a
1969 3264 2361 3330 Schmilckin
2409 3267 2473 3330 io
2501 3264 2577 3328 in
2605 3286 2778 3328 mar·

539 3348 691 3432 qine
721 3346 1026 3413 editionis
1054 3347 1517 3414 E'lzevirianae
1558 3356 1886 3413 enotatam
1918 3348 2298 3414 bibliotheca
2394 3348 2777 3433 ottinqensis

541 3439 757 3495 servat
810 3430 931 3517 (cf.
985 3431 1183 3496 Arch.
1243 3433 1379 3514 VII,
1420 3456 1497 3518 p.
1550 3430 1731 3515 284).
1817 3433 1946 3496 His
2003 3455 2138 3497 non
2195 3441 2525 3498 contentus
2584 3431 2777 3495 Beth·

537 3537 742 3579 mann
806 3516 1021 3581 denuo
1085 3517 1366 3582 codicem
1386 3564 1404 3599 ,
1467 3526 1624 3580 tunc
1685 3518 1920 3602 maqni
1960 3516 2232 3603 factum
2295 3516 2528 3601 (Arch.
2600 3514 2778 3596 VIII,

527 3622 605 3684 p.
649 3599 789 3680 31),
836 3602 1324 3666 accuratissime
1365 3600 1860 3666 exscribendum
1899 3604 2174 3667 curavit.

711 3680 1014 3769 Quinque
1056 3686 1175 3768 qui
1209 3694 1573 3772 sequuntur
1600 3685 1801 3770 hujus
1828 3684 2058 3749 classis
2089 3685 2339 3750 codices
2368 3687 2468 3750 ita
2493 3685 2668 3749 inter
2706 3704 2773 3747 se

540 3768 949 3865 conveniunt,
978 3776 1070 3849 ut,
1099 3792 1245 3833 cum
1276 3763 1441 3834 alter
1469 3769 1561 3832 ad
1590 3768 1866 3833 alterum
1893 3768 2134 3917 rJerri
2162 3778 2460 3871 nequeat,
2496 3790 2577 3833 ecc
2607 3789 2771 3832 com·

537 3847 2403 4019 tt'zzffttssdfflzws‘tsszrsszffP325523..²52².32222m{5}
2439 3873 2777 4022 maz?

536 4018 812 4082 maticae
867 4015 1137 4103 reyulas
1194 4041 1272 4081 ea
1326 4021 1675 4104 castiqant,
1727 4043 2239 4106 nonnumquam,
2298 4029 2369 4085 ut
2422 4041 2777 4085 sermonem

533 4102 1097 4260 Ξῖιῖἔέἷασίὅῖᾝ
1129 4100 2353 4275 tzffliz’gmzssfflaffiqffim
2369 4102 2777 4253 2⁷3²‘2a’52‘ri'2‘2‘

539 4291 685 4333 cum
726 4268 1019 4355 eoeempla
1050 4208 1180 4334 (ἰαὶζ
1226 4270 1318 4335 ad
1363 4271 1532 4336 hanc
1576 4293 1780 4357 usque
1824 4281 2092 4338 aetatem
2123 4273 2505 4353 ascendant,
2536 4210 2622 4335 ξπ
2652 4234 2778 4335 LoZ

537 4352 902 4440 tharinyia,
948 4362 1020 4419 ut
1046 4354 1322 4437 videtur,
1369 4377 1494 4439 quo
1539 4354 1661 4420 illa
1690 4357 2026 4440 pertinent
2068 4367 2125 4421 et
2167 4357 2280 4423 ubi
2307 4358 2565 4442 Reyino
2610 4358 2781 4441 ejus-
