3042 4909
542 447 765 500 PAULI
803 448 1150 502 HISTORIA
1189 450 1862 505 LANGOBARDORUM.
1938 454 2082 507 LIB.
2121 454 2198 506 11.
2423 456 2494 508 85

249 614 690 680 subiciendam
718 613 1010 680 Italiam⁸
1040 616 1483 705 dereliquerat.
1554 618 1682 699 Qui
1712 619 2118 686 Buccellinus
2151 643 2297 686 eum
2328 646 2493 710 pene

244 706 446 763 totam
473 697 729 763 Italiam
774 698 1243 786 direptionibus
1284 712 1567 768 vastaret
1610 713 1673 769 et
1702 703 2149 792 Theudeperto
2194 727 2310 771 suo
2354 709 2493 794 regi

242 781 322 847 de
374 783 617 880 praeda
658 781 883 848 Italiae
941 806 1206 850 munera
1258 787 1523 872 eopiosa
1567 787 1940 871 conferret¹‚
1996 811 2145 854 eum
2189 790 2257 854 in
2303 790 2491 856 Cam-

240 888 435 952 pama
476 865 802 932 hiemareb
848 866 1281 954 disponeret⁰‚
1335 870 1595 936 tandem
1637 871 1704 935 in
1744 870 1887 937 loeo
1933 873 2039 938 cui
2083 873 2491 940 Tannetum⁴²

236 970 472 1016 nomen
516 959 614 1015 est
629 962 652 996 ²
696 953 880 1036 gravi
924 951 1089 1017 bello
1133 975 1172 1017 a
1187 965 1211 995 ⁰
1254 954 1525 1020 Narsete
1568 965 1904 1042 superatus
1925 957 1964 1038 ἵ,
2010 958 2329 1023 extinctus
2374 968 2488 1024 est.

236 1033 559 1129 Amingus
578 1046 608 1089 Β
664 1055 816 1099 vero
861 1034 1016 1100 dum
1061 1036 1331 1103 Widinh
1377 1037 1738 1104 Gothorum
1797 1040 2015 1105 comiti
2059 1051 2280 1107 contra
2331 1042 2491 1108 Nar-

237 1127 439 1182 setem
456 1131 472 1161 ¹
526 1117 862 1185 rebellanti
919 1119 1232 1185 auxilium
1289 1121 1453 1187 ferre
1514 1134 1778 1188 conatus
1823 1123 2078 1207 fuisset,
2137 1126 2391 1212 utrique
2451 1149 2492 1192 a

234 1202 505 1268 Narsete
530 1204 813 1288 superati
836 1214 1001 1269 sunt.
1068 1204 1297 1272 Widin
1341 1215 1568 1292 eaptus
1608 1205 2226 1295 Constantinopolim
2270 1208 2490 1275 exilia-

233 1295 362 1350 tur.
462 1284 783 1372 Amingus
843 1310 1016 1369 vero,
1077 1289 1188 1375 qui
1241 1290 1299 1355 ei
1356 1288 1674 1354 auxilium
1730 1289 2144 1377 praebuerat,
2203 1291 2490 1360 Narsetis

283 1367 455 1433 ladio
513 1370 866 1469 perimitur.
976 1372 1231 1438 Tertius
1287 1395 1545 1460 quoque
1595 1375 1993 1439 Francorum
2046 1374 2182 1440 dux
2231 1377 2489 1443 nomine

298 1451 626 1518 euthar1us
640 1455 691 1536 Β,
715 1453 1071 1520 Buccellini
1093 1479 1458 1541 germanuS,
1504 1457 1659 1527 dum
1681 1457 1884 1524 multa
1903 1460 1919 1502 ¹
1949 1459 2192 1546 praeda
2222 1472 2489 1527 onustus

232 1536 324 1600 ad
387 1538 717 1623 patriamm
763 1549 1026 1625 cuperet
1082 1541 1334 1624 reverti,
1400 1542 1566 1606 inter
1579 1543 1904 1608 Veronam
1956 1553 2021 1609 et
2062 1543 2486 1611 Tridentum¹¹

233 1622 422 1685 iuxta
463 1619 677 1686 laeum
719 1622 1050 1687 Benacum
1062 1635 1149 1672 ⁰·³
1195 1646 1311 1711 pro
1360 1625 1456 1689 ria
1500 1637 1705 1691 morte
1748 1627 2087 1692 defunctus
2134 1638 2247 1694 est.

406 1705 465 1770 3.
553 1705 801 1772 Habuit
856 1706 1266 1773 nihilominus
1313 1648 1546 1774 {lamis
1611 1721 1937 1776 certamen
1994 1711 2301 1777 adversus
2347 1712 2489 1779 Sin-

228 1787 475 1853 dualdv
508 1788 903 1855 ‘Brentorum
922 1801 1011 1845 (Μ
1054 1813 1292 1878 regem,
1340 1792 1449 1879 qui
1493 1791 1702 1858 adhuc
1745 1795 1826 1860 de
1855 1794 2245 1861 Herulorum
2290 1798 2487 1884 stirpe

230 1882 647 1957 remanserat,
737 1887 892 1939 uos?
937 1898 1156 1941 secum
1200 1876 1268 1940 in
1310 1875 1604 1941 Italiam⁸
1648 1879 1912 1944 veniens
1957 1878 2143 1944 olim‘
2188 1879 2492 1946 Odoacar

232 1955 616 2022 adduxerat.
786 1960 892 2023 uic
947 1959 1170 2025 Narsis
1243 1960 1514 2028 fideliter
1579 1960 1704 2027 sibi
1779 1963 2058 2048 primum
2120 1964 2491 2032 adhaerenti

230 2164 278 2218 a)
313 2167 425 2206 deest
454 2168 496 2206 D
531 2167 570 2205 2.
661 2163 710 2217 b)
746 2166 1049 2217 Campaniam
1082 2177 1291 2209 remeare
1325 2167 1366 2208 G
1399 2170 1440 2209 2.
1537 2166 1578 2219 c)
1613 2170 1842 2219 disposuit
1873 2169 1907 2210 C
1928 2167 1989 2212 ·1.
2028 2172 2070 2211 1.
2105 2171 2148 2210 D
2184 2173 2224 2213 1.
2319 2169 2365 2222 d)
2400 2174 2485 2214 Ta·

230 2228 393 2266 netum
434 2225 473 2265 A
508 2226 550 2268 3.
583 2225 628 2265 4.
676 2224 711 2266 Ο
746 2228 785 2266 1.
818 2227 842 2266 1
876 2230 929 2276 1;
973 2226 1250 2267 'Ramnetum
1297 2227 1338 2267 A
1370 2224 1431 2268 ·3.
1469 2226 1508 2269 G
1543 2224 1604 2279 ’3,
1638 2240 1659 2266 e
1698 2239 1812 2270 corr.
1865 2228 1906 2268 G
1938 2229 1989 2278 3;
2032 2231 2332 2271 'ramentum
2363 2232 2406 2271 D
2442 2233 2482 2272 1.

231 2283 274 2325 G
309 2286 359 2333 23
392 2284 672 2325 'ramentum
705 2283 747 2324 G
781 2287 822 2326 1.
857 2284 907 2334 53
938 2285 1204 2325 Tannetum
1233 2286 1270 2325 F
1306 2288 1354 2336 13
1402 2286 1679 2326 Tamnetam
1709 2288 1746 2326 F
1779 2288 1833 2336 43
1875 2288 2103 2328 Tamneta
2132 2289 2169 2328 F
2203 2289 2253 2338 83
2300 2289 2485 2332 Tanne-

228 2346 326 2383 tam
356 2344 394 2382 F
428 2342 481 2391 ὃς
514 2344 731 2382 Tametus
763 2343 802 2382 L
837 2346 887 2393 13
921 2344 1177 2385 cannetum
1210 2345 1232 2385 1
1265 2344 1306 2395 3,
1340 2349 1376 2383 ec
1406 2346 1468 2383 ita
1499 2350 1714 2384 corrector
1743 2345 1785 2385 A
1818 2345 1859 2398 2,
1891 2346 1966 2395 qui
1995 2347 2167 2397 adjecit:
2216 2357 2310 2387 non
2342 2348 2484 2399 longe

228 2411 256 2442 a
288 2401 406 2441 kasa
436 2402 590 2443 Marii.
682 2399 727 2452 e)
761 2403 820 2442 ad
851 2403 888 2442 F
922 2404 959 2446 1.
1053 2401 1093 2455 f)
1125 2407 1438 2453 superatus—
1460 2414 1488 2442 a
1518 2404 1710 2444 Narsete
1753 2404 1839 2446 des.
1871 2405 1913 2443 D
1932 2406 1955 2445 1
1993 2405 2109 2457 (post
2138 2405 2314 2457 suppa).
2346 2407 2389 2446 D
2410 2408 2481 2450 la.

227 2460 276 2511 g)
309 2460 539 2509 Amingus
575 2482 627 2491 —
673 2462 896 2502 exiliatur
925 2462 1010 2501 des.
1045 2461 1087 2503 G
1118 2462 1162 2503 4.
1295 2459 1344 2512 h)
1377 2462 1552 2503 Widim
1593 2464 1633 2503 B
1667 2463 1714 2512 23
1757 2462 1948 2503 Wiudin
1976 2464 2016 2503 B
2049 2464 2090 2505 3.
2120 2465 2163 2504 D
2200 2465 2240 2506 3.
2275 2466 2319 2506 4.
2368 2466 2406 2506 E
2441 2469 2483 2518 1,

223 2525 266 2559 ct
297 2531 396 2559 moa:
442 2519 476 2560 Ο
510 2517 572 2559 ’1.
610 2521 649 2561 1.
684 2521 723 2562 3.
758 2521 794 2559 F
829 2523 870 2562 1.
918 2519 959 2562 G
994 2521 1034 2561 1.
1070 2521 1113 2561 3.
1147 2517 1210 2561 ⁸5.
1243 2519 1311 2562 50.
1346 2520 1389 2560 Η
1424 2522 1473 2570 13
1517 2521 1678 2562 Windi
1708 2522 1751 2561 D
1786 2522 1883 2562 1.1
1916 2522 1965 2571 83
2014 2521 2189 2563 Guidln
2237 2523 2272 2564 O
2307 2524 2347 2565 2.
2380 2524 2405 2564 Ι
2438 2525 2480 2566 3.

227 2575 264 2628 i)
297 2577 495 2619 Nax-sete
526 2579 563 2617 F
598 2580 637 2618 1.
755 2576 807 2629 k)
839 2579 1153 2619 Leuthaurius
1186 2579 1225 2619 A
1246 2580 1297 2628 1;
1328 2579 1631 2620 Liuthuarius
1663 2581 1701 2620 B
1738 2582 1787 2631 13
1818 2580 2108 2622 Leuthardus
2140 2582 2174 2622 C
2211 2583 2251 2623 1.
2286 2584 2337 2632 23
2367 2583 2483 2625 Leu-

227 2637 404 2677 therius
434 2638 477 2677 D
512 2637 556 2677 3.
705 2635 741 2687 l)
774 2637 965 2678 multam
1012 2638 1202 2688 predam
1248 2639 1285 2677 F
1320 2640 1373 2689 13
1417 2650 1461 2680 v.
1510 2639 1570 2677 ad
1600 2649 1644 2688 p.
1681 2650 1719 2679 e.
1766 2650 1805 2680 r.
1854 2640 1941 2681 des.
1985 2641 2027 2680 D
2062 2642 2085 2680 1
2135 2640 2250 2692 (post
2294 2642 2481 2693 suppl).

226 2693 292 2747 m)
323 2697 478 2746 patria
506 2697 544 2735 F
580 2698 620 2736 1.
658 2717 710 2727 -
743 2694 919 2746 cupiret
948 2698 985 2736 F
1005 2699 1045 2738 1.
1082 2696 1123 2737 G
1156 2698 1195 2740 1.
1235 2697 1275 2737 3.
1399 2695 1443 2749 n)
1477 2697 1763 2738 Tridendum
1796 2697 1899 2747 Ol;
1930 2699 2153 2740 'Frentum
2184 2701 2236 2740 F.
2271 2699 2374 2742 Gl.
2407 2699 2479 2751 ‘83

228 2754 472 2794 Trientum
506 2754 547 2796 G
577 2755 631 2804 43
664 2755 917 2795 Tarentum
950 2754 993 2796 G
1025 2756 1065 2794 2.
1099 2755 1143 2795 5.
1266 2753 1312 2807 ο)
1345 2757 1584 2796 Benoeum
1616 2756 1658 2796 A
1691 2756 1731 2798 2.
1853 2756 1902 2809 p)
1940 2756 2169 2798 sinduald
2199 2770 2313 2799 corr.
2347 2759 2478 2801 Sind-

226 2813 368 2853 uuald
401 2812 444 2855 G
474 2813 528 2862 43
576 2812 772 2854 sindual
816 2814 859 2854 A
891 2815 934 2857 3.
966 2810 1039 2864 *83
1080 2813 1339 2855 sindualdo
1370 2816 1409 2855 Β
1444 2817 1494 2864 1;
1538 2814 1751 2856 Silduald
1781 2814 1824 2855 A
1858 2818 1912 2865 13
1957 2815 2149 2857 Slduald
2181 2817 2217 2858 G
2251 2816 2314 2869 ·1,
2356 2830 2474 2860 corr.

227 2870 414 2912 Sisuald
442 2872 485 2911 D
520 2873 571 2921 13
605 2870 906 2925 Sisuald(um)
939 2872 1065 2912 celeri
1092 2874 1152 2913 D.
1185 2872 1228 2912 Η
1263 2875 1316 2923 1;
1349 2872 1516 2914 sisuacl
1546 2874 1591 2914 Η
1621 2875 1672 2924 3,
1706 2873 1898 2915 Sidualo
1930 2876 2060 2925 (ἕως
2090 2876 2259 2916 Iduald
2289 2875 2325 2918 O
2344 2878 2475 2919 1-3.

227 2927 274 2981 q)
306 2930 598 2970 Brendorum
629 2931 671 2971 A
702 2927 763 2970 ’2.
791 2931 830 2970 1.
850 2932 898 2981 ¹3
928 2932 1201 2972 Brebtorum
1234 2932 1269 2973 C
1290 2935 1331 2974 1.
1367 2933 1405 2972 2.
1440 2933 1483 2974 4.
1515 2932 1557 2974 5.
1589 2934 1631 2972 D
1665 2934 1717 2983 13
1747 2934 2073 2974 Brettonorum
2102 2936 2139 2975 F
2159 2937 2197 2975 1.
2231 2935 2272 2976 G
2291 2937 2331 2978 1.
2350 2937 2391 2978 2.
2411 2932 2473 2980 ’3.

226 2989 248 3029 1
281 2990 321 3031 1.
360 2989 438 3038 1b;
485 2991 791 3030 Bretenorum
824 2989 866 3030 G
897 2990 938 3032 3.
974 2991 1026 3040 43
1070 2990 1394 3031 Brettanorum
1424 2993 1461 3031 F
1492 2992 1546 3041 43
1588 2992 1824 3033 Britorum
1855 2991 1896 3032 A
1927 2993 1970 3035 5.
2004 2994 2054 3044 63
2095 2995 2320 3036 Brionum
2354 2994 2396 3036 G
2427 2995 2473 3036 5.

227 3045 266 3098 r)
300 3058 439 3097 quem
471 3047 513 3087 A
543 3043 609 3089 ’2.
645 3048 700 3089 3?
733 3049 806 3090 5b.
842 3047 907 3098 G3
939 3050 1019 3099 qui
1049 3048 1091 3087 A
1124 3048 1166 3091 5.
1201 3049 1243 3091 6.
1366 3048 1407 3102 s)
1437 3050 1580 3090 Italia
1609 3051 1646 3089 F
1681 3053 1721 3094 1.
1757 3051 1798 3094 G
1832 3053 1872 3093 1.
1995 3050 2030 3104 t)
2064 3053 2198 3093 solim
2223 3058 2325 3103 post
2355 3065 2470 3098 corr.

225 3106 375 3146 solum
410 3105 519 3160 (ilaz
553 3106 925 3160 solumodoacar)
958 3106 999 3146 A
1032 3108 1072 3158 1,
1104 3118 1222 3148 corr.
1257 3108 1368 3148 olim
1398 3109 1437 3148 Β
1472 3110 1515 3150 1.
1548 3110 1585 3148 F
1605 3110 1654 3159 13
1687 3110 1757 3150 sol
1788 3110 1958 3150 duabus
1990 3111 2143 3151 litteris
2174 3113 2312 3151 erasis
2341 3111 2385 3152 A
2417 3115 2472 3163 83

224 3165 513 3205 solummodo
545 3165 746 3206 acharad
777 3167 972 3206 duxerat
1000 3166 1042 3206 A
1073 3165 1123 3216 53
1156 3167 1447 3207 solummodo
1479 3168 1652 3208 acan-ad
1681 3169 1876 3209 duxerat
1903 3169 2012 3219 ΑΘ,
2045 3171 2333 3212 solummodo
2366 3172 2473 3212 odo-

225 3224 366 3264 achar
397 3224 566 3266 addux.
601 3225 639 3263 Β
673 3225 722 3274 1,
756 3226 1046 3265 solummodo
1078 3225 1205 3265 acari
1237 3226 1406 3267 addux.
1439 3227 1476 3265 F
1508 3226 1562 3275 53
1609 3227 1898 3267 solummodo
1930 3239 2086 3268 secum
2118 3230 2287 3271 addux.
2322 3230 2364 3270 A
2395 3227 2466 3281 '83

223 3282 362 3322 simul
394 3292 532 3323 accat
561 3283 732 3326 addux.
765 3283 800 3324 O
831 3285 885 3333 45
917 3283 1061 3324 simili
1091 3283 1226 3323 modo
1260 3294 1370 3325 acar
1404 3283 1566 3337 (achar
1596 3284 1630 3326 C
1664 3286 1704 3324 2.
1737 3286 1760 3326 1
1792 3283 1837 3337 1)
1869 3285 2022 3327 addux
2054 3287 2088 3328 Ο
2121 3285 2185 3330 ’1.
2223 3291 2262 3329 1.
2298 3290 2338 3332 2.
2368 3289 2393 3329 1
2427 3291 2467 3341 1,

222 3350 336 3385 corr.
370 3352 409 3382 s.
440 3352 503 3384 m.
535 3340 746 3382 odoacer
776 3344 818 3383 D
854 3344 895 3395 1,
927 3347 964 3382 ct
994 3343 1057 3383 ita
1087 3344 1213 3383 ceteri
1242 3343 1314 3393 D3
1346 3355 1460 3393 quos
1493 3354 1530 3385 s.
1565 3344 1751 3384 Italiam
1781 3345 1977 3386 veniens
2008 3346 2175 3387 addux.
2206 3347 2243 3386 F
2275 3348 2317 3389 2.

226 3527 279 3591 1)
318 3526 473 3579 Haec
523 3544 587 3579 ex
643 3527 798 3595 (ἶνες.
862 3528 990 3580 Tur.
1041 3527 1158 3592 III,
1212 3530 1301 3581 32.
1352 3537 1528 3579 sumta
1578 3528 1844 3581 videnlur.
1929 3529 2138 3580 Paulus
2179 3538 2466 3596 praetcrea

222 3600 390 3651 alium
433 3599 672 3666 sequitur
721 3609 1005 3666 auctorem,
1038 3603 1282 3667 sortasse
1332 3600 1655 3653 Secundum.
1808 3599 1866 3668 2)
1903 3599 1992 3653 Aa
2040 3600 2191 3668 ripas
2245 3601 2467 3656 Casilini

206 3670 474 3740 fluminis,
534 3671 713 3740 quiet
763 3673 1057 3726 Vulturnus
1113 3673 1336 3737 dicitur,
1398 3674 1643 3725 bellatum
1686 3672 1882 3740 fuisse,
1939 3683 2143 3727 constat
2180 3693 2245 3728 cx
2302 3675 2464 3731 citato

219 3743 460 3813 Aqatbia
518 3745 605 3798 lib.
666 3746 749 3812 II,
808 3748 971 3810 4-9,
1029 3748 1274 3813 locusque
1329 3744 1599 3814 inscriptis
1660 3745 1983 3799 carmini-bus
2040 3748 2346 3815 celebratus,
2405 3760 2465 3803 ut

221 3817 597 3871 Constantinus
636 3819 1031 3888 Porphyroqen.
1087 3818 1147 3872 in
1204 3820 1356 3873 them.
1396 3817 1617 3887 Imperii
1660 3819 1836 3873 Orien.
1876 3819 1966 3874 lib.
2008 3820 2091 3886 II,
2149 3824 2302 3876 them.
2365 3825 2426 3874 11
2446 3843 2463 3876 ε

225 3887 321 3944 τὸν
347 3888 409 3944 δὲ
436 3889 748 3945 Βουτελίνον
771 3891 1194 3963 κατεπολέμησεν
1230 3887 1261 3945 ὃ
1294 3891 1514 3965 Ναρσῆς
1552 3888 1701 3966 παρὰ
1729 3889 1823 3946 τὸν
1845 3890 2089 3965 ποταμὸν
2113 3893 2466 3950 Κασονλῖνον.

218 3965 421 4017 Locum
474 3973 648 4017 autem
709 3964 935 4019 Tanneti
984 3984 1020 4018 a
1071 3966 1245 4019 Paulo
1294 3976 1637 4020 memoratum
1688 3967 1964 4035 assiqnare
2013 3986 2094 4021 mc
2142 3987 2250 4022 non
2283 3985 2462 4035 posse,

214 4038 440 4106 ingenue
474 4040 681 4106 fatcor.
733 4040 830 4092 BI.
917 4038 1001 4091 Dc
1040 4040 1168 4091 urbe
1217 4039 1354 4092 inter
1389 4041 1643 4092 Parmam
1681 4049 1729 4093 et
1766 4039 1989 4109 Reqium
2037 4041 2143 4093 sita
2193 4041 2290 4093 alii
2325 4043 2463 4111 συρί-

218 4118 423 4163 larunt.
594 4110 656 4180 3)
694 4112 783 4163 Ad
842 4111 1020 4163 urbem
1070 4109 1347 4176 Oenedam,
1409 4114 1508 4176 vel,
1568 4122 1627 4164 ut
1681 4112 1859 4165 scribit
1915 4112 2174 4182 Agathias
2235 4113 2341 4180 (II,
2385 4115 2461 4182 3),

220 4183 490 4237 C‘encsam.
530 4185 626 4236 BI.
757 4184 817 4252 4)
858 4183 1031 4238 Iidem
1053 4184 1290 4253 fortasse
1317 4183 1409 4250 qui
1443 4185 1678 4238 Breoncs
1716 4188 1801 4237 vel
1835 4186 2062 4239 Briones
2102 4189 2461 4255 appellantur,

215 4256 274 4309 in
300 4256 528 4324 Alpibus
556 4257 770 4311 Noricis
795 4256 1123 4318 habitantem·
1162 4257 1228 4310 dc
1266 4257 1454 4323 quibus
1492 4259 1561 4324 cf.
1601 4258 1809 4326 Jasqcr,
1839 4258 1946 4313 SR.
1990 4261 2044 4312 d.
2096 4261 2255 4313 Wien.
2282 4262 2459 4314 Akacl.

215 4329 402 4395 XLII,
450 4347 511 4397 p.
553 4332 658 4382 351
701 4348 810 4398 sqq.
904 4332 952 4382 A
992 4330 1166 4383 Paulo
1223 4330 1512 4382 Erulorum
1567 4348 1754 4384 nomen
1790 4331 1868 4383 ita
1926 4348 2034 4386 csse
2091 4334 2460 4400 depravatum,

216 4404 328 4457 sinc
367 4420 537 4456 causa
573 4405 759 4456 statuit
798 4404 961 4457 Zeuss
991 4421 1052 4470 p.
1092 4403 1219 4456 484.
