3042 4909
489 425 711 479 PAULI
750 424 1095 478 HISTORIA
1132 422 1804 480 LANGOBARDORUM.
1878 426 2022 480 LIB.
2059 428 2128 480 V.
2340 428 2441 480 191

213 591 305 658 ibi
392 590 610 656 allium
650 612 807 656 auro
858 589 1215 672 textilem⁸3
1260 598 1323 654 et
1361 612 1626 657 manens
1668 601 1826 678 aput
1862 592 2174 658 Romamb
2217 592 2445 660 diebus

211 675 340 740 duo
387 675 572 758 ecim,
627 675 841 740 omnia
899 695 1062 775 quae
1113 673 1361 738 fuerant
1410 675 1759 761 antiquitus
1815 676 2106 742 instituta
2158 699 2242 743 ex
2296 698 2444 743 aere

208 757 277 822 in
321 767 760 823 ornamentum
804 757 1079 823 ciwtatis
1121 755 1438 843 deposuit,
1492 759 1560 822 in
1601 766 1847 824 tantum
1892 769 1962 825 ut
2000 761 2190 825 etiam
2233 760 2443 826 basili-

211 863 352 907 cam
367 854 391 885 ⁰
453 841 678 907 beatae
733 841 1002 920 Mariae,
1109 860 1229 904 uae
1283 838 1630 925 aliquando
1685 841 2032 929 pantheum
2087 843 2443 910 vocabatur

213 938 276 990 et
318 923 642 990 conditum
695 928 716 955 ’
734 923 941 988 fuerat
980 924 1049 987 in
1136 943 1327 988 onore
1371 925 1657 988 omnium
1710 924 1996 1008 deorum,
2050 935 2114 992 et
2166 928 2297 990 iam
2351 928 2441 994 ibi

209 1030 326 1095 per
369 1008 843 1072 concessionem
885 1006 1283 1093 superiorum
1340 1007 1706 1094 principum
1754 1008 1934 1074 locus
1981 1019 2116 1075 erat
2160 1012 2443 1075 omnium

209 1100 591 1176 martyrum,
651 1090 1065 1176 discoperiret
1085 1090 1114 1132 ‘¹
1170 1098 1231 1153 te
1278 1088 1543 1178 ulasque
1586 1112 1805 1156 aereas
1848 1092 2083 1160 exinde
2125 1093 2442 1159 auferret⁶

208 1195 442 1259 easque
485 1172 672 1238 simul
708 1196 855 1239 cum
887 1172 1027 1238 aliis
1072 1174 1244 1237 omni
1292 1195 1368 1238 us
1412 1176 1798 1240 ornamentis
1829 1174 2443 1275 Constantinopolim

205 1257 672 1322 transmitteret.
756 1256 1010 1322 Deinde
1051 1278 1343 1322 reversus
1396 1255 1743 1343 imperator
1778 1258 2143 1346 Neapolim,
2187 1260 2444 1326 inneref

205 1346 455 1404 terreno
511 1341 798 1425 perrexit
840 1340 1161 1406 civitatem
1204 1340 1482 1425 Regium
1494 1353 1542 1405 8.
1638 1341 1716 1406 In
1795 1363 2103 1428 essusque
2158 1342 2440 1408 Siciliam

202 1445 321 1508 per
366 1422 779 1488 indictionem
837 1424 1194 1548 septimam,
1252 1422 1567 1489 habitavit
1605 1425 1675 1489 in
1856 1447 2051 1490 acusa
2067 1427 2115 1509 ¹¹,
2168 1435 2232 1493 et
2283 1425 2441 1492 tales

203 1504 578 1571 afflictiones
619 1506 903 1592 inposuit
1017 1504 1208 1591 opulo
1254 1528 1369 1570 seu
1425 1506 1767 1573 habitatori
1816 1530 1891 1573 us
1949 1507 2055 1573 vel
2112 1530 2437 1595 possesso-

200 1589 379 1654 ribus
438 1586 791 1672 Calabriae,
852 1528 1026 1654 Sioff·

203 1681 390 1736 antea
443 1693 794 1759 numquam
836 1672 1089 1738 auditae
1118 1679 1283 1754 sunt,
1327 1674 1419 1737 ita
1458 1683 1532 1738 ut
1573 1685 1764 1740 etiam
1806 1696 2043 1740 uxores
2069 1677 2083 1718 ¹
2113 1696 2155 1738 a
2196 1677 2439 1741 maritis

199 1752 302 1820 vel
344 1753 510 1818 filiim
565 1776 605 1818 a
653 1756 1026 1842 parentibus
1082 1767 1547 1843 separarentur.
1648 1757 1823 1823 Sedu
1868 1767 1931 1823 et
1969 1758 2095 1823 alia
2135 1758 2335 1825 multa
2377 1768 2441 1825 et

199 1837 488 1902 inaudita
526 1837 753 1904 harum
796 1840 1129 1925 regionum
1170 1860 1255 1925 po
1302 1838 1392 1905 uli
1446 1849 1595 1906 sunt
1635 1842 1944 1928 perpessi,
2001 1842 2093 1906 ita
2134 1853 2207 1908 ut
2247 1841 2439 1907 alicui

199 1943 347 2007 spes
390 1922 560 1988 vitae
599 1943 730 1987 non
772 1932 1144 1988 remaneret.
1292 1944 1393 1986 am
1439 1932 1502 1988 et
1544 1946 1697 1989 vasa
1740 1933 1990 1989 sacrata
2017 1924 2120 1991 vel
2161 1925 2437 1990 cimilia⁰

200 2014 561 2070 sanctarum
628 2006 756 2071 Dei
828 2004 1238 2071 ecclesiarum
1303 2005 1618 2091 imperiali
1674 2008 1854 2071 iussu
1911 2017 1973 2072 et
1989 2019 2017 2061 Ρ
2078 2006 2433 2074 Grecorum

200 2088 479 2152 avaricia
520 2087 771 2155 sublata
823 2098 972 2153 sunt
994 2100 1042 2152 (Ι.
1127 2088 1365 2154 Mansit
1406 2100 1621 2156 autem
1675 2089 2026 2176 imperator
2066 2091 2134 2154 in
2178 2090 2433 2156 Sieiliar

199 2171 282 2237 ab
339 2170 722 2237 indictione⁸
780 2172 1053 2258 septima
1101 2192 1304 2257 usque
1346 2172 1415 2235 in
1471 2171 1944 2256 duodecimam3
2003 2172 2115 2238 sed
2171 2174 2430 2239 tandem

196 2262 517 2319 tantarum
571 2255 979 2340 iniquitatum
1033 2274 1271 2340 poenas
1323 2252 1459 2338 luit,
1516 2265 1711 2341 atque
1767 2255 1922 2320 dum
1981 2278 2049 2321 se
2091 2256 2159 2321 in
2200 2255 2427 2322 balneo

195 2334 457 2419 lavaret,
500 2358 539 2402 a
581 2339 713 2403 suis
757 2338 1073 2404 extinctus
1115 2347 1229 2402 est.

369 2421 466 2486 12.
550 2421 894 2487 Interfecto
936 2421 1132 2508 igitur
1172 2430 1329 2507 aput
1359 2420 1691 2486 Siracusas
1737 2420 2114 2488 Constante‘
2156 2424 2427 2509 impera-

197 2513 354 2586 tore,
430 2503 786 2570 Mecetiusu
852 2505 919 2569 in
985 2502 1249 2569 Siciliav
1314 2526 1381 2570 re
1427 2524 1584 2568 num
1646 2505 1944 2591 arripuit,
2007 2505 2121 2570 sed
2183 2504 2428 2592 absque

197 2585 519 2652 orientalis
559 2589 874 2653 exercitus
911 2586 1236 2653 voluntate
1254 2599 1294 2650 ¹.
1439 2596 1621 2652 cntra
1665 2609 1855 2674 quem
1896 2587 2119 2653 Italiae
2158 2588 2434 2654 militesw

198 2668 308 2734 alii
408 2692 478 2735 er
529 2670 874 2753 Histriam,
940 2669 1050 2735 alii
1106 2691 1223 2769 per
1275 2679 1489 2755 partes
1544 2669 1965 2757 Campaniae,
2023 2670 2131 2735 alii
2185 2693 2339 2737 vero
2392 2692 2433 2735 a

197 2693 486 2840 partibus
529 2753 790 2820 Africae
834 2764 897 2820 et
941 2753 1274 2820 Sardiniae
1331 2754 1702 2820 venientes¹
1743 2755 1812 2819 in
1855 2755 2189 2821 Siracusas
2206 2804 2223 2838 ,
2282 2776 2431 2820 eum

195 2837 327 2901 vita
367 2839 718 2934 privarunt.
802 2836 1115 2923 Multique
1133 2848 1165 2891 Y
1209 2859 1293 2903 ex
1332 2836 1656 2902 iudicibus
1699 2838 1836 2902 eius
1880 2837 2238 2903 detruncati
2269 2837 2433 2904 Con-

198 2919 670 3005 stantmopolim
713 2919 1007 3008 perducti
1036 2930 1215 3004 sunt3
1258 2942 1408 2986 cum
1437 2921 1668 3007 quibus
1697 2923 1936 3007 pariter
1963 2931 2028 2987 et
2060 2920 2204 2986 falsi
2231 2923 2432 3008 impe-

196 3003 424 3067 ratoris
444 3013 467 3047 ²
511 3012 705 3090 caput
746 3012 842 3068 est
882 3002 1303 3089 deportatum.

200 3124 245 3179 a)
276 3128 342 3168 s’ta
370 3129 423 3171 Ρ.
457 3127 498 3169 G
532 3129 658 3170 1-4.
691 3127 714 3168 1
746 3128 789 3181 8,
835 3138 929 3169 cum
959 3126 1011 3170 G.
1038 3133 1192 3181 poam
1242 3129 1406 3170 textile
1436 3129 1479 3169 A
1513 3131 1556 3182 1,
1586 3130 1691 3180 αιίἰ3
1737 3133 1865 3171 texto
1912 3130 1948 3172 Ο
1978 3127 2041 3173 ’1.
2074 3131 2117 3171 D
2152 3133 2203 3182 13
2250 3134 2429 3173 textum

197 3187 324 3227 ceteri
355 3186 407 3229 Ο.
439 3187 497 3229 D.
537 3187 563 3228 1
596 3189 636 3226 1.
675 3208 723 3218 -
773 3196 887 3228 auro
918 3186 1029 3227 deest
1058 3187 1097 3228 Ε
1132 3188 1174 3230 1.
1320 3185 1370 3239 b)
1401 3187 1636 3229 Romanoa
1680 3186 1723 3227 A
1754 3188 1794 3229 8.
1843 3188 1896 3230 Ο.
1925 3189 1987 3229 D.
2137 3186 2179 3240 c)
2210 3189 2430 3231 basilicae

196 3243 239 3289 A
274 3246 325 3295 8;
355 3244 552 3286 basilica
581 3244 618 3286 F
654 3246 692 3287 1.
785 3243 833 3298 d)
866 3245 1176 3296 discooperiat
1203 3243 1245 3284 A
1277 3245 1318 3287 6.
1412 3244 1456 3297 e)
1487 3255 1568 3287 eas
1599 3250 1721 3287 esset
1741 3251 1844 3297 pose
1873 3257 1992 3288 corr.
2025 3247 2303 3288 excussisset
2331 3248 2369 3288 F
2387 3250 2427 3290 1.

196 3301 235 3355 t)
267 3304 318 3344 in
347 3304 398 3346 it.
427 3303 464 3343 F
498 3304 538 3345 1.
588 3301 629 3345 G
662 3305 701 3344 1.
737 3304 791 3355 83
840 3313 926 3353 per
970 3313 1082 3344 reno
1111 3314 1227 3344 corr.
1277 3307 1464 3344 terreno
1497 3303 1539 3345 G
1572 3305 1612 3347 1.
1647 3305 1700 3354 83
1747 3305 1920 3345 tii-reno
1955 3304 1997 3346 G
2030 3304 2056 3345 8
2089 3316 2110 3345 e
2139 3316 2254 3348 corr.
2286 3305 2328 3347 G
2359 3305 2429 3348 bc.

195 3359 243 3412 ς)
276 3361 471 3411 Regiam
500 3363 543 3403 A
573 3361 616 3405 8.
645 3362 688 3401 D
722 3364 793 3404 la.
827 3362 870 3402 8.
903 3363 945 3403 8.
980 3358 1071 3403 ‘8a.
1105 3361 1149 3404 4.
1182 3362 1219 3401 F
1250 3358 1313 3402 ’8.
1349 3361 1484 3412 6603
1515 3372 1709 3415 regnum
1741 3362 1854 3412 G83
1886 3362 2065 3403 Civium
2098 3362 2133 3404 Ο
2163 3360 2234 3413 ’13
2267 3364 2430 3405 Chium

198 3420 233 3461 0
267 3420 308 3462 1.
344 3420 386 3461 8.
417 3419 443 3461 1
476 3422 516 3473 l,
560 3430 674 3461 corr.
705 3420 902 3470 Regium
931 3420 974 3460 D
1009 3422 1050 3461 1.
1199 3417 1249 3471 h)
1280 3418 1516 3471 Syragusa
1553 3420 1590 3460 F
1623 3421 1663 3461 1.
1700 3418 1741 3462 G
1773 3424 1815 3462 1.
1963 3418 1999 3472 i)
2032 3421 2081 3461 in
2112 3432 2196 3462 suo
2225 3422 2263 3461 Ρ
2296 3423 2347 3471 13
2379 3422 2431 3463 in

197 3488 281 3519 sno
312 3489 362 3529 p.
397 3498 450 3509 -
498 3477 741 3520 Sardiniae
785 3479 946 3519 intulit
976 3477 1031 3519 G.
1064 3477 1088 3517 1
1122 3478 1173 3528 83
1218 3478 1428 3519 exercuit
1456 3479 1507 3518 in
1551 3478 1575 3518 1
1605 3478 1648 3519 8.
1797 3475 1847 3530 k)
1878 3477 1993 3520 Λᾶν.
2034 3478 2077 3519 A
2107 3480 2149 3520 8.
2184 3480 2228 3520 D
2260 3476 2350 3522 ‘8a.
2386 3479 2428 3521 8.

195 3537 233 3577 F
267 3531 331 3578 ’8.
358 3537 405 3578 4.
439 3535 493 3578 G.
525 3537 569 3577 Η
602 3539 640 3578 1.
676 3538 699 3578 1
730 3538 770 3578 8.
806 3537 847 3585 8,
878 3541 916 3577 st
945 3537 1009 3576 ita
1032 3540 1203 3586 poena.
1325 3534 1360 3588 l)
1392 3546 1585 3578 uxorem
1619 3535 1808 3582 (ΞΗ-4.
1926 3534 1990 3587 m)
2024 3537 2137 3578 illlis
2166 3538 2204 3578 B
2241 3539 2281 3589 1,
2311 3547 2426 3579 corr.

194 3594 281 3636 mii
311 3594 355 3634 D
388 3596 439 3644 13
483 3595 606 3636 illius
640 3593 681 3637 G
710 3596 762 3647 83
809 3595 931 3636 illios
979 3594 1019 3635 G
1051 3595 1093 3637 1.
1128 3595 1169 3635 8.
1200 3594 1243 3634 4.
1276 3592 1318 3636 5.
1468 3592 1519 3646 n)
1553 3593 1646 3636 Sed
1694 3616 1748 3626 —
1793 3597 2056 3636 remaneret
2085 3595 2169 3635 des.
2202 3593 2244 3636 G
2276 3592 2338 3637 ·5.
2375 3617 2428 3627 —

197 3657 243 3695 et
267 3657 369 3703 post
398 3653 542 3703 suppl.
573 3653 611 3694 P
645 3655 686 3697 1.
835 3651 881 3705 ο)
912 3652 1089 3694 similia
1116 3653 1156 3694 A
1188 3653 1241 3703 83
1273 3652 1481 3693 chimilia
1508 3653 1555 3693 Η
1586 3654 1636 3704 13
1668 3652 1851 3694 cimelia
1880 3654 1924 3694 D
1954 3653 2006 3703 43
2046 3650 2287 3707 ci(y)mbia
2317 3652 2354 3695 Ο
2387 3655 2427 3695 1.

196 3712 219 3752 1
253 3714 303 3762 13
336 3711 526 3763 cyboria
556 3710 592 3753 Ο
624 3712 674 3762 83
721 3713 984 3753 communia
1013 3711 1054 3751 A
1086 3710 1128 3752 6.
1163 3732 1215 3742 -
1260 3721 1495 3751 sacrarum
1527 3709 1568 3750 A
1600 3711 1641 3754 8.
1791 3709 1842 3763 p)
1874 3721 1899 3753 e
1929 3711 1966 3750 F
1999 3714 2037 3754 1.
2072 3711 2113 3754 G
2145 3714 2185 3755 1.
2217 3710 2288 3763 ’83
2319 3713 2429 3753 deest

197 3769 239 3811 G
270 3770 312 3815 8.
345 3770 387 3812 8.
508 3767 556 3821 q)
587 3769 631 3810 A
661 3771 687 3812 6
718 3770 795 3811 loc
823 3771 914 3811 loco
945 3770 1096 3811 inserit
1124 3780 1161 3810 c.
1190 3769 1268 3822 VI,
1302 3767 1343 3811 ὃ.
1378 3774 1414 3809 se
1444 3770 1499 3821 V,
1533 3770 1604 3812 80.
1732 3767 1774 3823 r)
1806 3769 2027 3822 syciliam
2057 3771 2095 3811 P
2129 3772 2169 3812 1.
2290 3769 2330 3823 s)
2363 3771 2429 3812 in·

195 3828 458 3878 dioeoionem
487 3827 524 3867 1³
557 3829 598 3870 1.
716 3828 753 3881 t)
787 3828 1084 3870 Constantem
1115 3829 1442 3879 imperatorem
1475 3827 1510 3869 Ο
1542 3824 1606 3869 ’1.
1727 3826 1775 3882 ιι)
1805 3829 2034 3870 Mececius
2063 3830 2101 3870 Β
2122 3831 2170 3881 13
2202 3829 2428 3871 Mecerius

191 3887 235 3928 A
266 3883 339 3937 ’83
370 3886 587 3928 Metetius
617 3887 655 3927 F
685 3887 728 3929 4.
764 3886 804 3928 G
836 3889 875 3930 1.
913 3889 953 3929 8.
985 3884 1047 3930 ’8.
1079 3887 1131 3936 43
1163 3887 1410 3928 Metentius
1439 3886 1477 3927 F
1507 3884 1570 3927 ’8.
1602 3887 1626 3927 1
1659 3886 1707 3937 83
1754 3888 1967 3928 Mecitlus
1999 3886 2039 3927 A
2070 3885 2139 3937 ’83
2171 3887 2427 3929 Mezentius

192 3943 235 3989 A
269 3945 309 3986 8.
343 3945 387 3985 D
422 3944 465 3998 (1
498 3955 519 3985 s
549 3942 700 3998 corn).
732 3946 770 3986 P
802 3946 843 3989 5.
964 3943 1012 3997 v)
1046 3942 1325 3999 Si(y)ciliam
1354 3944 1392 3985 P
1426 3946 1465 3987 1.
1513 3943 1556 3986 G
1589 3945 1717 3988 1-8.
1835 3944 1896 3997 w)
1930 3945 2089 3986 millae
2119 3946 2292 3987 milites
2324 3944 2428 3995 01,

195 4003 384 4043 emiliae
415 4002 585 4045 milites
617 4002 653 4045 Ο
686 4004 737 4054 83
781 4003 920 4045 Italia
949 4004 1107 4065 emilie
1139 4005 1309 4045 milites
1340 4003 1364 4043 1
1398 4004 1445 4054 13
1490 4003 1589 4044 inde
1607 4003 1718 4054 secie
1747 4005 1808 4045 ed.
1842 4003 1973 4045 Lind-
2008 4004 2202 4045 militiae
2234 4003 2424 4045 milites.

188 4058 240 4112 x)
275 4061 573 4103 vehementer
602 4062 651 4103 in
684 4059 730 4105 S.
765 4062 999 4104 irruerunt
1029 4073 1227 4112 eumque
1257 4062 1308 4105 Ο.
1340 4062 1398 4105 D.
1430 4062 1454 4102 1
1487 4064 1529 4103 1.
1566 4084 1619 4094 -
1651 4073 1691 4105 e.
1724 4074 1769 4108 v.
1798 4072 1844 4113 p.
1878 4064 1967 4104 dee.
2001 4061 2036 4103 Ο
2069 4062 2109 4101 8.
2228 4061 2277 4114 y)
2308 4061 2422 4102 Mul·

191 4120 349 4170 sisque
378 4120 430 4162 Ρ.
461 4119 516 4161 G.
546 4120 592 4160 Η
623 4121 674 4171 83
706 4120 842 4162 Multi
876 4141 928 4152 —
962 4121 1222 4164 detruncati
1252 4120 1476 4171 multique
1509 4120 1563 4162 0.
1595 4121 1653 4165 D.

195 4210 256 4279 1)
295 4211 504 4265 Paulus
555 4212 619 4266 G.
654 4220 809 4280 pont.
848 4212 1069 4279 Adeod„
1126 4230 1264 4282 quae
1322 4213 1586 4279 exscribit,
1641 4215 1780 4267 male
1818 4212 2136 4267 intellexisse
2196 4210 2423 4278 videtur,

193 4285 291 4336 ubi
328 4284 544 4355 leyt‘tur:
582 4287 870 4352 Menenius,
910 4288 1001 4355 qui
1040 4295 1155 4340 erat
1190 4290 1247 4339 in
1286 4287 1474 4340 Sicilia
1513 4304 1634 4340 cum
1673 4289 1910 4340 exercitu
1947 4286 2223 4351 orientale,
2261 4288 2425 4338 intar-

191 4360 384 4411 tizavit
410 4364 465 4412 et
487 4360 710 4427 arripuit
736 4374 976 4428 regnum.
1079 4358 1137 4427 8)
1175 4360 1333 4414 simul
1360 4366 1415 4413 et
1441 4365 1607 4428 caput
1637 4360 1876 4413 eiusdem
1912 4361 2139 4412 intartae
2179 4358 2246 4412 G‘.
2265 4366 2423 4426 pont.

2462 945 2480 967 ’
2494 961 2541 1002 p.
2576 950 2676 997 160.

1008 1610 1125 1672 iae,
1190 1588 1449 1655 Africae
1468 1591 1498 1633 ¹¹
1555 1601 1748 1691 atque
1799 1590 2153 1674 Sardiniae,
2220 1591 2438 1678 quales
2455 1615 2629 1669 sesses.

2446 2363 2548 2406 668.
