3042 4909
546 422 770 474 PAULI
808 423 1158 476 HISTORIA
1195 422 1872 477 LANGOBARDORUM.
1946 423 2088 476 LIB.
2129 424 2225 476 VI.
2414 425 2519 476 229

270 589 341 652 in
384 611 515 676 qua
557 600 855 656 sanetaea
897 590 1158 656 sinodus
1202 599 1382 655 erant
1425 590 1719 677 depietae
1763 600 1836 656 et
1877 613 1918 655 a
1954 590 2272 690 Filippico
2313 591 2523 657 fuerat

273 672 542 756 deiecta,
605 675 874 760 pristino
940 674 1051 738 inb
1115 674 1257 740 loeo
1315 675 1539 742 erexit.
1646 675 1769 739 His
1834 674 2059 740 diebus
2116 684 2207 740 lta
2264 675 2518 741 Tiberis

269 754 506 822 fluvius
550 757 886 823 inundavit
903 771 946 840 ⁰,
992 769 1064 825 ut
1104 757 1362 823 alveum
1408 781 1596 823 suum
1641 782 1675 824 e
1792 781 1932 823 ssus
1961 757 2161 823 multa
2186 759 2517 826 Romanae

268 840 533 906 feeerit(¹
575 841 773 907 exitia
816 843 1089 925 civitati,
1149 844 1241 907 ita
1283 853 1356 907 ut
1396 842 1464 905 in
1507 843 1634 907 Via
1696 851 1867 907 atam
1885 854 1910 885 θ
1953 842 2036 908 ad
2080 864 2275 907 unam
2318 853 2382 909 et
2424 866 2517 909 se-

268 924 392 988 mis
435 932 744 990 staturam
800 936 1200 992 excresceret
1248 936 1441 1013 atque
1485 926 1565 990 af
1616 935 1805 1014 porta
1846 927 2049 992 sancti
2093 927 2269 992 Petri
2311 950 2516 1013 usque

270 1006 356 1071 ad
396 1018 655 1094 pontem
702 1008 1061 1075 Molviumss
1116 1031 1322 1095 aquae
1367 1033 1435 1075 se
1477 1010 1978 1075 descendentes¹¹
2036 1011 2271 1075 ooniun
2318 1021 2514 1077 erent.

439 1090 542 1157 37.
630 1093 753 1157 His
777 1105 796 1140 ¹
830 1103 958 1159 tem
1009 1093 1228 1159 oribus
1257 1092 1441 1159 multi
1469 1092 1831 1179 Anglorum
1859 1094 2096 1193 gentis¹
2126 1034 2375 1161 nobffes
2408 1096 2513 1160 etk

270 1174 603 1260 ignobiles,
663 1177 784 1242 viri
828 1187 892 1243 et
970 1178 1236 1258 eminae,
1292 1177 1484 1243 duces
1543 1189 1607 1242 et
1659 1178 1892 1277 privatl
1907 1179 1942 1261 ¹,
2022 1178 2225 1244 divini
2280 1179 2516 1243 amoris

269 1258 632 1324 instinctum
662 1259 742 1325 de
770 1260 1194 1325 Brittaniamn
1223 1262 1496 1326 Romam
1533 1283 1751 1327 ven1re
1782 1273 2169 1329 consuerunt
2180 1275 2226 1326 ⁰.
2290 1263 2514 1350 Aputv

266 1363 539 1427 regnum
580 1344 974 1409 Francorum
1018 1354 1172 1409 tuno
1216 1346 1521 1443 temporis
1580 1346 1851 1432 Pipinus
1869 1358 1898 1400 (Ι
1954 1347 2283 1432 optinebat
2336 1346 2512 1433 prin-

270 1426 575 1513 cipatum.
660 1427 815 1492 Fuit
871 1438 1088 1494 autem
1143 1429 1247 1493 vir
1294 1451 1492 1494 mirae
1540 1428 1868 1513 audaciae,
1927 1430 2040 1517 qui
2095 1430 2311 1495 hostes
2367 1450 2516 1494 suos

266 1510 478 1574 statim
523 1509 958 1595 adgrediendo
1002 1511 1385 1578 conterebat.
1468 1511 1637 1577 Nam
1680 1533 1876 1600 supra
1925 1513 2247 1599 quendam
2288 1515 2313 1539 *
2329 1535 2516 1577 suum

267 1592 725 1677 adversarium,
768 1594 1104 1660 Rhenumr
1132 1605 1306 1661 trans
1353 1618 1585 1679 ressus,
1631 1618 1778 1661 cum
1808 1618 1938 1661 uno
1967 1606 2219 1662 tantum
2248 1594 2517 1662 satellite

270 1698 385 1741 suo
430 1677 628 1743 inruit
670 1700 943 1765 eumque
984 1680 1052 1743 in
1094 1701 1210 1744 suo
1257 1701 1336 1743 cu
1385 1678 1554 1744 ioulo
1612 1680 1967 1745 residente⁸
2012 1702 2161 1746 oum
2211 1681 2345 1745 suis
2388 1690 2517 1745 tru-

269 1760 526 1826 cidavit.
612 1760 795 1826 Bella
839 1784 1094 1849 quoque
1123 1762 1324 1828 multa
1353 1785 1502 1828 oum
1536 1763 1924 1844 Saxonibus‚
1967 1775 2031 1831 et
2057 1765 2337 1830 maxime
2368 1786 2517 1829 eum

267 1844 581 1932 Ratpoto‘
625 1846 1033 1910 Frisionum¹¹
1077 1869 1230 1933 rege
1272 1846 1517 1913 fortiter
1560 1849 1777 1933 gessit.
1864 1847 1993 1912 Hic
2038 1858 2101 1914 et
2148 1847 2306 1913 alios
2350 1847 2517 1914 filios

270 1928 525 2011 habuit3
588 1928 701 1994 sed
745 1952 829 1994 ex
870 1928 969 1995 his
1023 1932 1409 2018 praecipuus
1455 1930 1769 1996 Carolus*
1814 1931 2043 2014 extitit,
2090 1932 2201 2017 qui
2254 1934 2314 1997 ei
2369 1941 2519 2018 post

270 2012 339 2075 in
379 2012 792 2099 principatuw
837 2015 1164 2080 suecessit.

436 2097 538 2161 38.
623 2095 713 2162 At
752 2119 903 2161 vero
945 2097 1304 2184 Liutprand
1347 2121 1466 2163 rex
1511 2119 1660 2161 cum
1704 2098 1771 2162 in
1812 2120 2011 2184 regno
2056 2097 2515 2163 confirmatus¹

266 2189 452 2262 esset,
518 2202 662 2245 eum
716 2179 984 2245 Rothari
1000 2193 1052 2263 Y,
1119 2183 1255 2246 eius
1328 2182 1864 2267 consanguineus,
1920 2183 2235 2267 perimere
2290 2180 2515 2247 voluit.

268 2261 430 2325 His²
474 2264 642 2327 enim
689 2265 1059 2329 convivium
1102 2267 1161 2329 ei
1203 2266 1274 2328 in
1329 2264 1519 2329 domo
1582 2287 1700 2329 sua
1755 2274 1951 2352 aput²¹
1994 2265 2293 2329 Ticinum
2335 2285 2515 2352 prae-

268 2347 580 2432 paravitb,
626 2348 694 2411 in
738 2361 909 2434 qua⁰
952 2348 1143 2413 domo
1188 2349 1361 2414 viros
1403 2348 1803 2431 fortissimos,
1864 2350 1976 2434 qui
2032 2370 2251 2435 regem
2297 2349 2515 2412 convi-

264 2440 521 2496 vantem
567 2432 1031 2517 extinguerent,
1075 2441 1354 2497 armatos
1397 2432 1737 2498 abscondit
1753 2433 1801 2497 ἃ.
1891 2431 2086 2513 Quod
2143 2454 2292 2496 cum
2335 2432 2514 2495 Liut-

265 2514 627 2599 prandume
671 2516 1032 2581 nuntiatum
1075 2515 1352 2597 fuissetf,
1419 2538 1569 2581 eum
1623 2516 1707 2581 ad
1761 2515 2071 2603 palatium
2128 2537 2316 2580 suum
2370 2537 2517 2581 evo-

270 2599 450 2662 cari&
491 2601 837 2697 praecepit.
925 2600 1155 2682 Quem,
1201 2601 1367 2664 siout
1410 2602 1469 2665 ei
1513 2600 1760 2665 dictum
1802 2599 2029 2680 fuerat,
2085 2598 2349 2663 loricam
2392 2600 2513 2665 sub

263 2682 472 2747 veste¹¹
502 2683 818 2759 indutum,
850 2684 1024 2748 eumi
1068 2684 1206 2769 ipse
1249 2685 1489 2747 manuk
1533 2694 1946 2771 pertractans,
1991 2682 2293 2770 repperit.
2382 2682 2514 2764 Qui

266 2841 313 2895 a)
343 2848 502 2886 sancte
546 2849 647 2886 erat
690 2846 872 2895 depicto
901 2847 939 2886 E
974 2848 1028 2895 13
1074 2849 1235 2888 sancta
1265 2849 1365 2888 erat
1395 2847 1580 2897 depicta
1611 2847 1660 2889 C.
1691 2848 1750 2887 D.
1783 2849 1820 2887 F
1853 2846 1895 2888 5.
1946 2845 1987 2887 G
2018 2846 2089 2891 ba.
2133 2846 2177 2886 Η
2210 2848 2259 2896 13
2306 2857 2388 2887 sex
2411 2851 2515 2895 poet

264 2904 366 2946 add.
398 2904 435 2944 F
468 2906 512 2952 13
555 2906 744 2945 sanetae
774 2915 857 2945 sex
889 2905 1116 2957 synodum
1148 2916 1188 2947 e.
1222 2906 1265 2948 d.
1301 2905 1342 2947 G
1373 2902 1436 2948 ’3.
1604 2904 1651 2958 b)
1685 2907 1794 2946 deest
1823 2906 1865 2945 A
1899 2905 1951 2955 33
1998 2906 2247 2956 pristinum
2278 2906 2328 2946 in
2358 2906 2512 2946 locum

267 2962 323 3003 0.
355 2963 412 3003 D.
448 2963 471 3003 1
504 2964 543 3003 1.
578 2984 631 2992 —
665 2963 787 3003 rexit
815 2965 852 3003 F
887 2965 936 3013 13
983 2964 1154 3006 direxit
1193 2963 1234 3005 G
1268 2967 1312 3005 1.
1464 2963 1506 3017 o)
1540 2965 1571 3008 i.
1605 2968 1657 3005 ut
1686 2965 1771 3005 des.
1807 2964 1849 3006 G
1880 2961 1953 3015 ’33
1996 2967 2048 3005 ιιι
2076 2965 2199 3004 ultra
2231 2964 2273 3005 G
2304 2966 2344 3005 1.
2381 2964 2429 3015 23
2461 2967 2513 3004 ιιι

266 3022 378 3060 dem
408 3021 445 3061 F
481 3023 519 3061 1.
641 3019 689 3073 d)
720 3021 900 3063 fecerat
928 3034 1043 3065 corr.
1075 3022 1241 3064 fecerit
1270 3024 1312 3063 A
1344 3023 1387 3063 2.
1507 3022 1551 3077 e)
1583 3024 1646 3064 ιἐιι
1677 3024 1718 3065 Α
1752 3026 1790 3064 1.
1824 3021 1886 3065 ’2.
1920 3024 1957 3063 F
1992 3025 2032 3064 1.
2066 3023 2109 3063 Η
2128 3024 2177 3073 13
2207 3023 2512 3064 Lateranensi

262 3080 304 3119 B
339 3080 391 3130 23
420 3079 593 3120 Latina
625 3079 667 3120 G
698 3081 777 3130 5c3
807 3082 905 3121 lata
935 3081 1073 3121 ceteri.
1192 3080 1229 3134 f)
1260 3083 1320 3123 ad
1349 3087 1532 3133 portam
1566 3086 1604 3122 (ὲ
1639 3085 1704 3123 1-
1725 3083 1769 3123 3.
1891 3080 1938 3134 ε)
1971 3082 2198 3123 Molbium
2228 3083 2291 3132 D3
2327 3081 2512 3122 Olbimn

267 3138 304 3178 0
338 3139 388 3187 13
419 3138 603 3179 Olvium
649 3139 691 3178 A
723 3136 795 3190 ’33
843 3140 1044 3180 Molvem
1078 3140 1119 3181 G
1150 3141 1205 3191 33
1252 3141 1469 3182 Molisum
1516 3141 1557 3182 G
1588 3142 1640 3191 43
1686 3141 1913 3181 Melinum
1944 3142 1967 3182 1
2000 3143 2041 3182 2.
2192 3138 2243 3192 h)
2272 3141 2337 3180 ita
2368 3150 2511 3181 omnes

255 3195 354 3246 sere
393 3198 512 3239 codd.
557 3208 654 3237 oum
684 3198 832 3248 Βοαα3
878 3199 1201 3240 discendentes
1249 3198 1290 3240 G
1320 3198 1393 3251 ’33
1440 3201 1755 3241 distendentes
1799 3201 1838 3241 Ε
1874 3201 1913 3252 1,
1960 3200 2074 3249 quod
2119 3199 2297 3249 intelliqi
2326 3200 2508 3240 videtur.

263 3253 302 3307 i)
336 3260 498 3303 gentes
532 3254 572 3297 G
606 3258 646 3299 1.
682 3257 723 3299 2.
844 3256 894 3309 k)
928 3262 975 3298 et
1005 3259 1037 3299 i.
1070 3258 1156 3299 dee.
1191 3258 1239 3299 Ο.
1276 3260 1335 3304 D,
1366 3260 1421 3299 F.
1557 3257 1593 3310 1)
1625 3259 1836 3308 primatis
1865 3269 1981 3298 corr.
2015 3259 2237 3308 primates
2264 3256 2305 3297 G
2337 3258 2387 3308 33
2420 3258 2508 3308 pri·

261 3317 409 3355 mates
440 3315 571 3357 Lind.
663 3313 727 3368 m)
759 3317 971 3357 instrietu
1002 3318 1041 3357 A
1061 3318 1111 3367 23
1144 3318 1405 3358 insti-ictum
1435 3318 1537 3367 F13
1569 3317 1838 3358 instinctum
1871 3315 2061 3357 G1—3.
2096 3338 2145 3348 -
2169 3325 2198 3355 a
2226 3316 2375 3356 Roma
2408 3316 2446 3355 G
2465 3316 2507 3356 3.

261 3371 315 3424 n)
345 3373 410 3413 ica
440 3372 481 3413 A
512 3370 573 3417 ’2.
608 3373 648 3416 2.
681 3376 720 3416 E
755 3377 794 3417 1.
825 3376 862 3415 F
898 3378 936 3415 1.
972 3375 1168 3426 61--43
1208 3376 1264 3416 de
1296 3377 1411 3418 Βτίι.
1443 3377 1529 3416 des.
1562 3376 1727 3426 D2.8;
1759 3372 2060 3428 Brittan(n)ia
2089 3375 2227 3416 ceteri.
2322 3371 2368 3425 ο)
2402 3384 2508 3414 οοιι-

261 3432 470 3472 tulerunt
500 3431 542 3473 A
573 3428 636 3473 ’3.
757 3431 808 3485 p)
840 3445 999 3474 novum
1032 3433 1254 3488 (XXXIX)
1283 3436 1369 3474 inc.
1400 3445 1494 3484 cap.
1529 3434 1571 3474 A
1602 3431 1663 3474 ’3.
1786 3431 1834 3485 q)
1868 3433 1931 3473 ita
1962 3432 2002 3473 A
2022 3435 2060 3473 1.
2096 3434 2137 3475 2.
2168 3433 2205 3472 F
2239 3434 2279 3472 1.
2313 3431 2355 3473 G
2388 3435 2428 3474 1.
2466 3434 2508 3474 2.

260 3491 286 3532 1
322 3492 362 3541 1,
394 3490 473 3530 alii
484 3501 496 3541 3
537 3491 766 3542 Pippinus
798 3491 839 3532 A
870 3494 912 3534 3.
946 3492 980 3534 0
1015 3496 1055 3534 1.
1090 3491 1131 3534 G
1162 3493 1203 3545 3,
1234 3493 1328 3533 alii.
1480 3491 1519 3543 r)
1552 3493 1760 3533 Hrenum
1793 3491 1835 3533 G
1867 3492 1916 3542 23
1964 3502 2157 3540 regnum
2187 3491 2230 3531 A
2263 3491 2304 3533 2.
2334 3491 2378 3531 D
2411 3487 2508 3531 Ἔα.

264 3548 308 3590 G
339 3550 381 3591 3.
414 3551 465 3599 43
511 3560 598 3600 per
629 3551 811 3592 Henum
860 3551 962 3605 (Hr.
994 3550 1133 3600 Ren.)
1178 3553 1230 3593 Ρ.
1281 3551 1344 3602 63
1391 3562 1475 3601 per
1504 3552 1679 3592 Hinum
1721 3551 1914 3591 fluvium
1956 3551 2035 3599 qui
2080 3550 2210 3589 iuxta
2240 3549 2509 3590 Danubium

260 3608 365 3649 fluit
392 3609 430 3648 F
450 3610 495 3649 2.
524 3609 588 3650 ed.
614 3620 689 3658 pr.
809 3607 849 3662 s)
880 3612 943 3650 ita
974 3611 1015 3652 A
1048 3612 1089 3653 1.
1121 3607 1184 3652 ’2.
1220 3612 1246 3651 2
1275 3610 1400 3664 (deese
1431 3607 1680 3662 eubiculo).
1722 3609 1760 3649 B
1797 3610 1836 3649 2.
1869 3609 1907 3648 Ε
1941 3611 1979 3650 1.
2010 3609 2047 3649 F
2081 3610 2121 3650 1.
2157 3607 2199 3649 G
2231 3610 2271 3650 1.
2304 3609 2355 3658 23
2386 3618 2508 3649 rese·

261 3667 448 3708 dentem
483 3668 524 3707 G
556 3668 599 3709 3.
632 3668 675 3710 4.
812 3667 848 3721 t)
880 3670 1101 3720 Ratpotto
1134 3668 1174 3710 A
1207 3666 1281 3720 ’23
1311 3670 1523 3720 Ratpodo
1557 3668 1599 3710 G
1631 3670 1678 3719 23
1709 3668 1920 3709 Ratbodo
1954 3666 2005 3708 0.
2035 3667 2102 3717 D3
2133 3666 2346 3717 Rappoto
2377 3665 2420 3706 A
2451 3668 2506 3717 33

258 3725 486 3775 Rappado
518 3727 556 3766 E
590 3728 631 3768 1.
784 3726 833 3779 u)
866 3729 1138 3769 Frixionum
1169 3729 1211 3769 A
1244 3730 1294 3778 23
1340 3729 1586 3769 Frisonum
1616 3728 1659 3767 D
1695 3728 1735 3767 1.
1772 3726 1813 3767 G
1844 3727 1897 3776 33
1942 3726 2202 3766 Frisiorum
2232 3728 2271 3767 B
2303 3726 2361 3776 43
2406 3725 2505 3766 Fri-

261 3783 453 3834 gionum
484 3785 521 3824 Ρ
557 3786 597 3826 1.
633 3806 684 3816 -
719 3795 876 3835 regem
909 3786 1008 3828 63.
1041 3788 1084 3828 4.
1206 3786 1253 3839 v)
1286 3788 1349 3827 ita
1380 3788 1480 3828 Al.
1511 3785 1574 3830 ’2.
1608 3787 1649 3826 2.
1680 3787 1722 3827 3.
1755 3786 1796 3828 4.
1828 3787 1866 3826 E
1899 3788 1937 3827 1.
1969 3786 2006 3825 F
2026 3787 2065 3825 1.
2100 3784 2142 3825 G
2174 3787 2197 3825 1
2229 3789 2506 3835 conclamet-3

257 3843 461 3884 Karolus
494 3843 529 3885 C
564 3845 604 3883 1.
640 3843 682 3885 6
714 3846 753 3897 2,
784 3845 876 3885 alii.
1010 3844 1072 3898 w)
1104 3846 1415 3898 principatum
1444 3845 1487 3886 A
1518 3845 1561 3887 3.
1592 3846 1631 3886 E
1664 3847 1704 3886 1.
1741 3844 1783 3886 G
1814 3845 1855 3885 3.
1890 3845 1946 3894 43
1988 3844 2276 3894 principatus
2310 3842 2352 3884 G
2384 3845 2422 3883 1.
2456 3844 2503 3894 23

260 3899 529 3952 principatu
561 3901 595 3944 Ο
631 3904 674 3944 1.
825 3902 875 3956 x)
908 3905 1226 3946 confirmatum
1271 3907 1308 3946 F
1345 3908 1384 3946 1.
1535 3903 1584 3956 y)
1617 3904 1681 3944 ita
1712 3905 1789 3944 hoe
1817 3904 1909 3943 loco
1941 3908 1978 3943 et
2007 3902 2201 3952 deinceps
2245 3901 2288 3942 A
2319 3904 2361 3943 1.
2394 3902 2431 3941 F
2465 3903 2506 3953 1,

262 3959 371 4009 alii3
402 3961 613 4002 Rotthari
648 3960 690 4003 G
722 3962 764 4014 3,
789 3968 944 4012 postea
974 3964 1099 4004 stiam
1129 3965 1166 4004 F
1202 3967 1252 4014 13
1297 3964 1533 4005 Rottharit
1561 3964 1603 4004 A
1634 3964 1687 4013 23
1734 3963 1947 4003 Rotharit
1975 3962 2017 4002 A
2048 3961 2090 4003 3.
2122 3961 2165 4001 D
2200 3960 2241 4012 3,
2271 3960 2364 4012 alii,
2395 3971 2504 4001 nen-

261 4010 499 4068 numqimm
529 4021 566 4061 F
600 4021 639 4060 1.
676 4019 718 4061 G
751 4022 792 4073 1,
823 4021 880 4071 qr.
912 4032 1050 4072 ιαμ-α
1073 4033 1123 4074 p.
1160 4025 1244 4065 22ο
1275 4034 1323 4064 η.
1357 4034 1401 4073 g.
1554 4022 1597 4077 ι)
1630 4023 1693 4062 αα
1724 4020 1765 4061 A
1801 4023 1839 4062 2.
1886 4022 1925 4061 n
1960 4022 2002 4065 1.
2046 4020 2083 4060 Ρ
2119 4022 2159 4060 ι.
2211 4018 2253 4060 G
2288 4019 2415 4062 2—4.
2452 4041 2504 4050 -

260 4077 309 4118 ei
340 4074 382 4116 A
414 4077 452 4120 2.
544 4075 589 4129 a)
618 4090 691 4130 ap.
727 4080 782 4120 Τ.
813 4081 898 4122 des.
930 4081 971 4122 A
1003 4082 1045 4122 3.
1135 4081 1183 4135 b)
1214 4084 1470 4133 preparant
1497 4080 1599 4122 As.
1629 4082 1666 4121 F
1687 4084 1737 4131 13
1768 4084 1986 4131 preparat
2017 4078 2071 4120 G.
2165 4075 2208 4129 c)
2242 4088 2380 4128 quam
2411 4079 2447 4117 F
2467 4079 2506 4118 1.

262 4133 310 4187 d)
343 4137 565 4188 sequentia
595 4139 682 4179 dee.
719 4160 770 4170 —
805 4148 972 4180 manae
1001 4140 1124 4181 sedis
1159 4141 1212 4195 (ο.
1243 4139 1319 4192 40)
1341 4140 1459 4190 ,solio
1490 4141 1629 4181 eoeen'eo
1661 4139 1701 4181 A
1735 4142 1774 4180 1.
1909 4136 1952 4189 e)
1984 4138 2047 4178 ita
2078 4136 2119 4177 A
2152 4137 2193 4177 2.
2227 4137 2264 4177 F
2298 4139 2345 4186 13
2377 4136 2504 4176 Liut·

259 4196 440 4246 prande
472 4201 564 4237 ceu.
696 4195 733 4250 f)
765 4197 963 4240 fuissent
991 4199 1029 4238 F
1063 4200 1104 4242 1.
1257 4199 1304 4253 g)
1338 4209 1533 4241 evocare
1565 4199 1615 4242 C.
1648 4200 1691 4239 D
1725 4199 1765 4240 2.
1799 4198 1853 4240 P.
1887 4196 1943 4240 G.
2103 4193 2152 4247 h)
2183 4198 2359 4237 vestem
2389 4195 2429 4236 B
2464 4196 2504 4235 1.

259 4254 299 4294 Ρ
334 4256 373 4296 1.
409 4253 450 4295 6
485 4257 524 4295 1.
562 4256 604 4296 2.
727 4254 762 4308 i)
795 4257 905 4296 dccet
939 4256 988 4298 0.
1019 4257 1079 4301 D.
1112 4259 1135 4298 1
1169 4261 1208 4299 1.
1330 4258 1379 4310 k)
1414 4268 1600 4299 manum
1636 4257 1675 4298 G
1710 4257 1838 4298 1-3.

260 4385 318 4452 1)
358 4387 460 4438 His
500 4414 568 4425 —
610 4393 932 4440 consuerunt
969 4404 1033 4440 ex
1071 4388 1243 4442 Beda.

2541 1520 2612 1575 ’μ
2649 1522 2751 1565 178.
