3042 4909
375 547 481 589 680.

279 2887 299 2906 “
319 2902 364 2941 p.
394 2889 495 2931 15⁷.

491 369 597 417 200
799 364 1022 416 PAULI
1060 363 1407 415 HISTORIA
1444 361 2115 413 LANGOBARDORUM.
2191 362 2338 412 LIB.
2374 363 2440 412 V.

500 542 727 597 octavo
758 530 889 593 iam
910 551 1076 594 anno
1109 528 1541 626 Cunincpert⁸
1563 527 1767 591 filium
1797 549 1983 591 suum
2005 528 2073 591 in
2091 548 2291 612 regno
2309 528 2337 570 b
2368 536 2730 593 consortem

495 614 785 696 adscivit,
831 636 977 678 cum
997 626 1021 656 ⁰
1064 634 1190 699 quo
1234 622 1472 698 panter
1510 634 1627 698 per
1669 612 1890 676 decem
1936 632 2135 675 annos
2177 612 2489 696 regnavit.

663 699 762 762 36.
852 696 1144 783 Cumque
1185 698 1254 760 in
1294 717 1529 780 magna
1616 716 1730 758 ace
1772 695 2077 779 degerent
2104 702 2168 758 et
2208 716 2292 758 ex
2336 695 2508 759 omni
2548 703 2732 780 parte

494 782 563 845 in
605 782 874 845 circuitu
916 778 1433 879 tranquillitatem
1477 778 1561 842 ha
1608 787 1804 860 erent,
1847 778 2128 842 surrexit
2162 787 2383 842 contra
2410 799 2518 843 eos
2560 776 2733 841 filius

495 865 846 951 iniquitatis
902 863 1166 927 Alah1sd
1236 864 1510 946 nomine,
1571 885 1689 948 per
1744 883 1934 948 quem
1987 862 2055 924 in
2111 883 2309 947 regno
2365 861 2734 948 Langobar-

498 949 744 1031 dorum,
810 946 1181 1033 perturbata
1283 968 1398 1010 ace
1416 958 1461 1028 θ,
1519 948 1839 1009 maximae
1894 943 2277 1092 piopulorum
2329 944 2537 1010 factae
2587 954 2737 1009 sunt

501 1042 771 1115 strages.
835 1031 963 1094 Hic
1009 1029 1165 1094 dum
1251 1030 1380 1092 uxf
1436 1040 1605 1094 esset
1658 1030 1727 1092 in
1769 1028 1895 1092 Tre
1944 1029 2202 1092 entinass
2245 1029 2533 1110 civitate,
2588 1049 2734 1091 cum

501 1118 729 1180 comite
773 1114 1218 1179 Baioariorum
1235 1115 1284 1196 ¹¹,
1373 1135 1519 1177 uem
1573 1111 1662 1175 illi
1703 1113 2076 1197 gravionem
2135 1112 2374 1193 dicunt,
2421 1112 2533 1198 qui
2565 1112 2734 1175 Bau-

501 1198 765 1262 zanumi
807 1207 870 1262 et
904 1196 1152 1283 reliqua
1195 1135 1450 1261 castglla
1490 1195 1776 1281 regebat,
1820 1194 2109 1260 conflixit
2150 1218 2425 1281 eumque
2467 1194 2737 1259 mirifice

502 1282 843 1368 superavit.
935 1282 1081 1361 Qua
1123 1281 1203 1344 de
1261 1301 1455 1344 eausa
1512 1278 1745 1361 elatus,
1804 1280 1996 1344 etiam
2040 1289 2261 1344 contra
2301 1302 2522 1365 regem
2550 1301 2741 1343 suum

499 1366 817 1430 Perctarit
843 1387 1107 1428 manum
1148 1363 1386 1429 levavit
1413 1373 1607 1449 atque
1653 1385 1720 1427 se
1735 1364 1764 1404 k
1795 1363 1960 1426 intra
1988 1363 2478 1428 Tredentinum¹
2509 1361 2732 1427 castel—

500 1448 634 1512 lum
679 1447 990 1513 rebellans
1037 1448 1472 1512 communivit.
1564 1445 1800 1511 Contra
1844 1468 2038 1531 quem
2077 1469 2197 1511 rex
2238 1447 2553 1511 Perctarit
2638 1466 2740 1508 ro·

501 1553 779 1616 gressus,
825 1553 973 1594 cum
1028 1543 1231 1594 eumm
1288 1530 1687 1595 extrinsecus
1741 1529 2090 1612 obsideret,
2149 1530 2473 1615 inopinate
2530 1551 2605 1593 su
2650 1529 2743 1592 ito

502 1613 724 1678 Alahis
784 1635 931 1677 cum
988 1614 1120 1678 suis
1177 1614 1437 1679 civitate
1453 1626 1482 1655 ¹¹
1556 1635 1850 1698 egressus
1869 1662 1885 1695 ,
1951 1615 2121 1698 regis
2180 1622 2389 1678 castra
2443 1611 2745 1699 protrivit

500 1719 849 1782 regemque
903 1697 1117 1794 ipsum
1170 1696 1394 1781 fugam
1451 1706 1707 1782 petere⁰
1754 1694 2055 1782 conpulit.
2143 1697 2272 1777 Qui
2314 1706 2529 1760 tamen
2569 1706 2742 1783 post-

501 1780 782 1863 modum,
825 1779 1141 1844 fa01ente1>
1188 1778 1639 1865 Cunincperto,
1680 1782 1849 1865 regis
1892 1779 2042 1862 filio,
2087 1781 2198 1866 qui
2227 1802 2375 1844 eum
2415 1781 2546 1843 iam
2591 1777 2744 1843 olim

503 1863 827 1949 diligebat,
871 1864 939 1927 in
996 1864 1166 1948 regis
1208 1864 1525 1928 Perctarit
1576 1864 1850 1948 gratiam
1902 1886 2197 1929 reversus
2251 1875 2364 1929 est.
2452 1863 2584 1944 Qui
2624 1885 2745 1926 rex

505 1969 652 2012 cum
706 1970 856 2012 eum
910 1947 1266 2012 interficere
1319 1945 1700 2032 aliquotiens
1740 1946 1969 2013 vellet‘l
1986 1996 2002 2029 ,
2064 1947 2550 2034 OunincpertuS,
2608 1946 2745 2010 eius

505 2030 692 2114 filius,
756 2030 878 2095 hoc
936 2031 1076 2095 fieri
1140 2053 1392 2117 semper
1454 2030 1759 2116 proibuit,
1812 2042 2116 2117 reputans
2170 2053 2317 2096 eum
2367 2031 2446 2095 de
2496 2029 2743 2115 reliquo

506 2113 761 2180 fidelem
792 2114 1096 2197 existere3
1141 2137 1262 2179 nec
1293 2113 1573 2179 destititr
1614 2123 1862 2200 patrem
1894 2115 2200 2200 optinere,
2246 2115 2403 2200 quin
2446 2114 2640 2178 etiam
2682 2114 2744 2177 ei

506 2198 812 2263 ducatum
862 2198 1136 2263 Brexiae
1155 2210 1176 2241 ³
1235 2196 1697 2280 contribueret3
1752 2197 2139 2263 reclamante
2196 2199 2451 2283 saepius
2507 2205 2688 2283 patre
2704 2199 2744 2278 ²,

507 2283 680 2368 quod
708 2284 777 2345 in
807 2303 987 2345 suam
1016 2282 1140 2346 hoc
1171 2280 1569 2367 Ounincpert
1594 2283 1947 2367 perniciem
1988 2282 2244 2364 faceret,
2288 2282 2401 2368 qui
2427 2280 2596 2346 hosti
2625 2301 2741 2344 suo

503 2366 588 2430 ad
642 2366 1041 2451 regnandum
1085 2365 1254 2430 vires
1306 2366 1662 2451 praeberet.
1760 2364 2084 2429 Brexiana
2135 2364 2455 2451 deniqueu
2519 2363 2745 2429 civitas

503 2471 803 2534 magnam
817 2462 848 2492 v
933 2472 1186 2535 semper
1255 2447 1568 2514 nobilium
1634 2448 2205 2533 Langobardorum
2271 2447 2746 2513 multitudinem

503 2531 746 2615 habuit,
830 2554 1060 2597 uorum
1102 2531 1344 2597 auxilio
1381 2531 1706 2598 metuebat
1735 2531 2050 2598 Perctarit
2068 2531 2293 2597 Alahis
2322 2532 2746 2618 potentiorem

503 2616 702 2681 forew.
832 2617 888 2680 is
931 2615 1156 2681 diebus
1198 2638 1318 2680 rex
1351 2616 1666 2680 Perctarit
1692 2617 1761 2679 in
1800 2616 2059 2681 civitate
2091 2616 2415 2680 Ticinensi
2455 2623 2746 2700 portam¹

506 2701 872 2785 contiguam
898 2698 1154 2784 palatio,
1199 2720 1362 2785 quae
1391 2708 1455 2763 et
1479 2697 1855 2764 Palatiensis
1871 2710 1904 2752 Y
1934 2700 2183 2782 dicitur,
2215 2720 2406 2785 opere
2422 2708 2445 2740 2
2475 2696 2748 2761 mirifico

510 2782 886 2847 construxit.

678 2866 813 2929 ⁴³37.
899 2865 1030 2945 Qui
1076 2886 1225 2928 cum
1266 2864 1496 2929 decem
1539 2875 1603 2930 et
1646 2874 1790 2930 octo
1831 2887 2031 2930 annos
2052 2876 2097 2948 ἃ,
2151 2876 2217 2930 et
2258 2867 2536 2951 primum
2576 2861 2746 2929 solus

511 2957 575 3012 et
601 2948 788 3034 postb
814 2968 960 3010 cum
991 2945 1121 3012 filio
1134 2959 1178 3029 0,
1223 2969 1494 3032 regnum
1538 2949 1899 3031 tenuisset¹,
1945 2948 2027 3013 ab
2057 2948 2178 3013 hac
2207 2948 2351 3013 luce
2381 2946 2746 3013 subtractus

511 3105 556 3158 a)
584 3108 649 3145 ita
694 3105 736 3145 A
769 3108 808 3148 1.
844 3107 886 3150 3.
929 3109 982 3150 Ρ.
1031 3106 1096 3158 G;
1145 3108 1369 3158 cunipert
1412 3111 1454 3149 A
1486 3111 1540 3159 23
1602 3109 1963 3161 Gunincpertum
2014 3110 2049 3152 C
2083 3113 2133 3161 13
2179 3113 2234 3162 qs.
2262 3123 2310 3162 Ρ.
2361 3112 2446 3152 179
2492 3122 2538 3155 n.
2569 3121 2600 3150 u
2631 3115 2669 3150 ct
2698 3121 2745 3150 x.

510 3162 559 3217 b)
592 3175 784 3214 regnum
816 3164 858 3204 A
876 3168 916 3205 1.
949 3167 992 3206 D
1011 3166 1050 3205 3.
1171 3165 1211 3219 c)
1242 3177 1346 3207 cum
1380 3191 1432 3199 —
1466 3171 1678 3217 regnavit
1707 3173 1746 3208 et
1775 3180 1954 3219 ecquem
1983 3181 2078 3219 cap.
2113 3182 2194 3211 om.
2227 3170 2269 3210 A
2287 3168 2350 3213 ·4.
2470 3168 2516 3222 d)
2548 3169 2747 3210 Halahis

513 3224 587 3264 too
615 3224 707 3263 loco
739 3224 780 3264 A
814 3226 852 3265 1.
886 3226 922 3265 F
957 3227 996 3277 1,
1021 3230 1174 3274 postea
1204 3224 1392 3276 Alahls3
1426 3227 1648 3267 Halachis
1682 3227 1717 3267 C
1738 3229 1777 3268 1.
1808 3229 1851 3268 D
1887 3230 1926 3267 1.
1958 3229 1998 3268 E
2022 3231 2072 3278 13
2106 3230 2272 3270 Halais
2303 3229 2346 3269 A
2378 3230 2429 3279 23
2461 3227 2592 3268 Alais
2622 3226 2665 3266 A
2697 3228 2747 3277 ὃς

511 3282 699 3323 Alachis
743 3283 786 3322 D
822 3286 863 3324 1.
913 3282 954 3324 G
986 3285 1026 3336 2,
1071 3285 1150 3323 alii
1175 3285 1438 3336 plerumque.
1591 3284 1636 3339 e)
1668 3287 1779 3325 deest
1820 3286 1862 3326 A
1895 3288 1944 3335 13
1989 3297 2100 3336 quae
2128 3295 2370 3338 sequamur
2416 3309 2469 3319 —
2514 3288 2751 3327 tantorum

508 3341 840 3382 beneficiorum
869 3340 925 3394 (ο.
960 3341 1034 3394 38)
1067 3344 1152 3384 dee.
1189 3343 1230 3385 G
1264 3346 1302 3394 1,
1342 3344 1461 3394 solio
1491 3345 1643 3386 exciso.
1782 3343 1819 3397 f)
1852 3346 1962 3384 deest
1995 3344 2029 3385 G
2062 3349 2102 3386 1.
2233 3347 2280 3398 g)
2311 3348 2376 3386 ita
2405 3345 2446 3385 A
2480 3347 2518 3385 1.
2552 3345 2595 3385 4.
2627 3343 2671 3384 D
2707 3345 2747 3385 1.

509 3400 548 3440 F
581 3401 621 3441 1.
657 3399 697 3441 G
728 3401 772 3442 2.
803 3401 856 3451 43
888 3401 1029 3442 'Px-ad.
1061 3401 1105 3441 A
1137 3403 1191 3451 23
1221 3403 1348 3444 'ri-id.
1380 3404 1523 3442 ceteri.
1560 3424 1613 3433 —
1646 3404 1882 3444 civItatem
1914 3402 1955 3444 G
1988 3406 2028 3445 2.
2178 3403 2227 3456 h)
2261 3415 2363 3446 com
2395 3404 2609 3445 commite
2638 3402 2750 3443 Bal·

511 3459 743 3499 (lariorum
776 3459 818 3502 G
849 3462 891 3500 2.
1009 3459 1044 3512 i)
1075 3461 1344 3501 Pauzanum
1377 3460 1427 3503 C.
1457 3462 1526 3511 D;
1556 3463 1867 3512 Baptizanum
1900 3462 1941 3502 G
1961 3465 2001 3503 3.
2036 3465 2076 3502 4.
2195 3462 2245 3516 k)
2276 3465 2401 3504 intra
2431 3473 2482 3503 se
2512 3462 2550 3501 F
2568 3462 2610 3503 1.
2647 3459 2747 3502 GR.

511 3514 549 3570 l)
579 3518 643 3557 ita
674 3518 715 3558 A
747 3519 788 3562 2.
818 3520 856 3559 F
891 3520 932 3562 1.
967 3519 1007 3558 G
1040 3521 1081 3562 2.
1115 3541 1162 3549 -
1200 3524 1400 3560 castrum
1429 3519 1473 3559 A
1503 3518 1567 3562 ⁸3.
1602 3522 1646 3561 3.
1782 3519 1845 3572 m)
1879 3531 1934 3561 eo
1968 3521 2009 3561 G
2040 3523 2081 3563 3.
2111 3523 2155 3562 4.
2289 3520 2340 3574 n)
2374 3522 2610 3561 civitatem
2642 3519 2678 3560 Ο
2710 3521 2752 3560 1.

513 3575 556 3618 G
583 3572 646 3618 ¹⁸5.
693 3577 717 3616 1
750 3580 772 3616 1
823 3578 915 3630 (ubi
958 3575 1235 3628 ingressus);
1283 3580 1338 3619 de
1371 3590 1408 3618 c.
1443 3589 1482 3619 e.
1532 3580 1575 3619 D
1608 3579 1650 3620 3.
1816 3577 1862 3629 o)
1896 3583 2073 3629 peteret
2116 3579 2156 3620 A
2189 3582 2230 3620 1.
2391 3577 2439 3630 p)
2472 3580 2584 3619 decet
2632 3576 2675 3618 G
2705 3579 2748 3620 2.

512 3632 562 3686 q)
592 3636 818 3677 voluisset
847 3637 870 3675 1
888 3637 928 3678 1.
1048 3634 1088 3688 r)
1121 3636 1299 3678 desistit
1326 3636 1367 3676 A
1386 3639 1426 3679 1.
1447 3638 1632 3687 —apud
1663 3640 1840 3687 patrem
1871 3637 1971 3690 Aa,
2002 3649 2023 3677 e
2052 3650 2167 3679 corr.
2200 3640 2243 3679 D
2262 3640 2304 3679 1.
2335 3639 2374 3678 1³
2394 3640 2433 3690 1,
2465 3642 2504 3678 et
2533 3638 2597 3677 ita
2627 3635 2753 3676 ceteri

511 3693 571 3735 D.
607 3693 649 3734 G
678 3693 750 3734 5⁸.
773 3704 812 3735 c.
858 3694 882 3733 1
916 3695 966 3744 23
1012 3705 1041 3734 a.
1069 3699 1200 3745 patre
1231 3706 1271 3737 o.
1317 3696 1359 3736 A
1388 3693 1451 3735 ·3.
1601 3694 1641 3747 s)
1674 3698 1797 3746 apud
1826 3698 2021 3737 Brexias
2068 3698 2113 3739 ei
2145 3698 2189 3740 d.
2236 3696 2279 3736 A
2310 3697 2356 3737 3.
2504 3693 2542 3748 t)
2574 3698 2752 3745 patrem

515 3761 604 3807 quq
636 3750 679 3791 G
710 3752 748 3793 2.
857 3749 907 3802 u)
936 3762 1045 3793 vero
1076 3754 1119 3793 D
1140 3755 1178 3793 2.
1198 3755 1241 3794 3.
1348 3750 1395 3804 v)
1430 3764 1601 3803 magna
1629 3754 1671 3794 A
1703 3757 1744 3796 1.
1780 3753 1820 3797 G
1850 3757 1895 3798 3.
1924 3756 1947 3794 1
1980 3757 2021 3795 2.
2126 3756 2187 3807 w)
2216 3755 2365 3796 torem
2396 3755 2433 3794 F
2469 3757 2509 3796 1.
2618 3751 2670 3805 x)
2700 3754 2750 3792 in

514 3810 606 3850 cod.
641 3807 681 3851 G
699 3809 724 3847 2
755 3810 831 3848 Ιιοο
861 3810 952 3848 loco
972 3810 1089 3860 solio
1119 3812 1347 3859 desinente,
1379 3823 1559 3862 ecquem
1588 3813 1712 3852 valde
1743 3819 1802 3853 est
1832 3814 2074 3854 mutilatum
2082 3825 2098 3865 ,·
2123 3819 2225 3864 post
2256 3814 2371 3863 quod
2394 3814 2536 3862 plura
2561 3822 2752 3864 prov-m

515 3867 757 3908 exciderunt
786 3878 922 3918 usque
951 3869 1010 3907 ad
1047 3869 1117 3916 VI,
1158 3870 1210 3920 ὃς
1258 3870 1299 3910 G
1329 3872 1386 3910 2⁸.
1429 3872 1532 3911 haee
1559 3872 1795 3923 exscripsit,
1819 3873 1980 3921 priora
2009 3883 2110 3912 vero
2160 3895 2212 3904 -
2260 3881 2423 3912 exosos
2449 3871 2650 3911 habebat
2676 3869 2752 3923 (V,

517 3924 590 3979 38)
624 3926 777 3967 omisa.
897 3925 946 3978 y)
976 3927 1289 3968 Palatinensiu
1320 3927 1355 3969 C
1388 3929 1519 3969 1-3.
1551 3930 1594 3969 D
1630 3931 1673 3969 1.
1707 3932 1749 3970 2.
1778 3931 1804 3970 1
1840 3935 1889 3981 13
1933 3930 2188 3972 Patilensis
2218 3931 2262 3971 D
2292 3927 2385 3971 Ἔα.
2418 3931 2444 3970 3
2490 3930 2556 3982 (in
2585 3939 2750 3978 marm:

515 3986 590 4026 vel
619 3982 918 4037 Palatensis).
949 3985 1002 4034 Δις
1031 3985 1316 4026 Platinensis
1345 3987 1383 4026 F
1417 3988 1468 4036 23
1498 3987 1760 4029 Placiensis
1788 3988 1826 4029 F
1843 3985 1915 4040 ’Ὦς
1957 3999 2045 4038 que
2078 3990 2136 4030 ad
2161 3988 2439 4029 Palatiensis
2469 3987 2585 4036 A2;
2611 3988 2661 4036 (s.
2695 3987 2754 4026 ad

515 4043 789 4085 Palmensis
832 4042 875 4082 A
906 4044 947 4084 6.
1097 4043 1140 4096 z)
1172 4046 1281 4084 dem
1312 4043 1354 4084 A
1385 4045 1427 4087 3.
1546 4043 1592 4096 a)
1624 4046 1688 4086 ica
1718 4047 1760 4087 A
1793 4048 1843 4097 13
1888 4048 2023 4088 annis
2053 4049 2092 4088 1⁸*
2127 4050 2167 4100 1,
2213 4048 2354 4087 ceteri.
2473 4044 2521 4098 b)
2553 4049 2752 4097 postmo-

516 4102 624 4142 dum
654 4102 695 4143 A
725 4100 788 4142 ’3.
910 4099 952 4154 c)
980 4102 1013 4143 f.
1043 4113 1125 4143 suo
1157 4104 1200 4143 D
1222 4105 1261 4145 2.
1294 4102 1335 4143 3.

523 4237 580 4305 1)
620 4238 746 4289 Non
784 4247 860 4290 est
897 4240 996 4291 eibi
1032 4248 1276 4292 constans
1312 4239 1519 4292 Paulus
1557 4238 1615 4291 in
1653 4239 1929 4293 Bertaridi
1971 4242 2107 4308 reqis
2146 4242 2303 4293 annis
2341 4236 2750 4301 enumerandis,-

521 4311 843 4362 antecedemi
865 4310 1060 4376 quippe
1086 4329 1203 4378 cap.
1231 4313 1318 4364 35.
1346 4313 1520 4365 decem
1547 4321 1596 4366 et
1619 4321 1811 4379 septem
1836 4314 2033 4378 tribuit,
2073 4314 2156 4367 hic
2180 4314 2354 4367 decem
2379 4319 2429 4365 et
2453 4320 2584 4365 octo.
2651 4313 2749 4363 131.
