<?xml version="1.0" encoding="UTF-8"?>
<!DOCTYPE html PUBLIC "-//W3C//DTD XHTML 1.0 Transitional//EN"
    "http://www.w3.org/TR/xhtml1/DTD/xhtml1-transitional.dtd">
<html xmlns="http://www.w3.org/1999/xhtml" xml:lang="en" lang="en">
 <head>
  <title>
</title>
<meta http-equiv="Content-Type" content="text/html;charset=utf-8" />
  <meta name='ocr-system' content='tesseract 3.04.00' />
  <meta name='ocr-capabilities' content='ocr_page ocr_carea ocr_par ocr_line ocrx_word'/>
</head>
<body>
  <div class='ocr_page' id='page_1' title='image "./paulihistoriala01waitgoog_0018.png"; bbox 0 0 3042 4909; ppageno 0'>
   <div class='ocr_carea' id='block_1_1' title="bbox 573 407 2341 463">
    <p class='ocr_par' dir='ltr' id='par_1_1' title="bbox 573 407 2341 463">
     <span class='ocr_line' id='line_1_1' title="bbox 573 407 2341 463; baseline 0 -3"><span class='ocrx_word' id='word_1_1' title='bbox 573 412 639 460; x_wconf 91' lang='grc'>10</span> <span class='ocrx_word' id='word_1_2' title='bbox 1008 409 1233 460; x_wconf 86' lang='lat' dir='ltr'>PAULI</span> <span class='ocrx_word' id='word_1_3' title='bbox 1270 407 1626 461; x_wconf 85' lang='lat' dir='ltr'>HISTORIA</span> <span class='ocrx_word' id='word_1_4' title='bbox 1664 407 2341 463; x_wconf 79' lang='lat' dir='ltr'>LANGOBARDORUM.</span> 
     </span>
    </p>
   </div>
   <div class='ocr_carea' id='block_1_2' title="bbox 975 575 2356 662">
    <p class='ocr_par' dir='ltr' id='par_1_2' title="bbox 975 575 2356 662">
     <span class='ocr_line' id='line_1_2' title="bbox 975 575 2356 662; baseline 0.001 -23"><span class='ocrx_word' id='word_1_5' title='bbox 975 576 1078 640; x_wconf 93' lang='lat' dir='ltr'>De</span> <span class='ocrx_word' id='word_1_6' title='bbox 1123 597 1325 662; x_wconf 90' lang='lat' dir='ltr'>puero</span> <span class='ocrx_word' id='word_1_7' title='bbox 1369 577 1479 662; x_wconf 90' lang='lat' dir='ltr'>qui</span> <span class='ocrx_word' id='word_1_8' title='bbox 1521 577 1589 639; x_wconf 89' lang='lat' dir='ltr'>in</span> <span class='ocrx_word' id='word_1_9' title='bbox 1631 575 1837 662; x_wconf 82' lang='lat' dir='ltr'>glacie</span> <span class='ocrx_word' id='word_1_10' title='bbox 1880 578 2199 641; x_wconf 84' lang='lat' dir='ltr'>extinctus</span> <span class='ocrx_word' id='word_1_11' title='bbox 2244 586 2356 642; x_wconf 83' lang='lat' dir='ltr'>est.</span> 
     </span>
    </p>
   </div>
   <div class='ocr_carea' id='block_1_3' title="bbox 638 676 2405 848">
    <p class='ocr_par' dir='ltr' id='par_1_3' title="bbox 638 676 2405 848">
     <span class='ocr_line' id='line_1_3' title="bbox 638 676 2405 763; baseline 0.002 -22"><span class='ocrx_word' id='word_1_12' title='bbox 638 679 816 742; x_wconf 85' lang='lat' dir='ltr'>Trax</span> <span class='ocrx_word' id='word_1_13' title='bbox 857 699 1020 763; x_wconf 91' lang='lat' dir='ltr'>puer</span> <span class='ocrx_word' id='word_1_14' title='bbox 1060 676 1362 742; x_wconf 85' lang='lat' dir='ltr'>adstricto</span> <span class='ocrx_word' id='word_1_15' title='bbox 1405 676 1612 763; x_wconf 85' lang='lat' dir='ltr'>glacie</span> <span class='ocrx_word' id='word_1_16' title='bbox 1656 677 1811 742; x_wconf 88' lang='lat' dir='ltr'>dum</span> <span class='ocrx_word' id='word_1_17' title='bbox 1852 676 2015 742; x_wconf 86' lang='lat' dir='ltr'>ludit</span> <span class='ocrx_word' id='word_1_18' title='bbox 2056 679 2125 741; x_wconf 90' lang='lat' dir='ltr'>in</span> <span class='ocrx_word' id='word_1_19' title='bbox 2166 677 2405 761; x_wconf 90' lang='lat' dir='ltr'>Hebr0,</span> 
     </span>
     <span class='ocr_line' id='line_1_4' title="bbox 721 760 2160 848; baseline -0.001 -23"><span class='ocrx_word' id='word_1_20' title='bbox 721 761 987 847; x_wconf 86' lang='lat' dir='ltr'>Frigore</span> <span class='ocrx_word' id='word_1_21' title='bbox 1031 770 1360 826; x_wconf 87' lang='lat' dir='ltr'>concretas</span> <span class='ocrx_word' id='word_1_22' title='bbox 1402 760 1686 847; x_wconf 91' lang='lat' dir='ltr'>pondere</span> <span class='ocrx_word' id='word_1_23' title='bbox 1728 763 1901 847; x_wconf 89' lang='lat' dir='ltr'>rupit</span> <span class='ocrx_word' id='word_1_24' title='bbox 1942 782 2160 848; x_wconf 85' lang='lat' dir='ltr'>aquas.</span> 
     </span>
    </p>
   </div>
   <div class='ocr_carea' id='block_1_4' title="bbox 639 861 2480 1033">
    <p class='ocr_par' dir='ltr' id='par_1_4' title="bbox 639 861 2480 1033">
     <span class='ocr_line' id='line_1_5' title="bbox 639 861 2480 949; baseline 0.001 -22"><span class='ocrx_word' id='word_1_25' title='bbox 639 864 944 949; x_wconf 85' lang='lat' dir='ltr'>Dumque</span> <span class='ocrx_word' id='word_1_26' title='bbox 987 863 1154 927; x_wconf 90' lang='lat' dir='ltr'>imae</span> <span class='ocrx_word' id='word_1_27' title='bbox 1196 872 1410 948; x_wconf 86' lang='lat' dir='ltr'>partes</span> <span class='ocrx_word' id='word_1_28' title='bbox 1453 883 1528 925; x_wconf 88' lang='lat' dir='ltr'>ra</span> <span class='ocrx_word' id='word_1_29' title='bbox 1573 863 1680 927; x_wconf 88' lang='lat' dir='ltr'>ido</span> <span class='ocrx_word' id='word_1_30' title='bbox 1722 861 2121 929; x_wconf 79' lang='lat' dir='ltr'><strong>traherentur</strong></span> <span class='ocrx_word' id='word_1_31' title='bbox 2162 865 2245 930; x_wconf 88' lang='lat' dir='ltr'>ab</span> <span class='ocrx_word' id='word_1_32' title='bbox 2289 865 2480 945; x_wconf 88' lang='lat' dir='ltr'>amni,</span> 
     </span>
     <span class='ocr_line' id='line_1_6' title="bbox 721 944 2181 1033; baseline 0.001 -23"><span class='ocrx_word' id='word_1_33' title='bbox 721 946 1094 1012; x_wconf 84' lang='lat' dir='ltr'>Praesecuit</span> <span class='ocrx_word' id='word_1_34' title='bbox 1136 955 1425 1011; x_wconf 90' lang='lat' dir='ltr'>tenerum</span> <span class='ocrx_word' id='word_1_35' title='bbox 1469 944 1539 1009; x_wconf 94' lang='lat' dir='ltr'>lu</span> <span class='ocrx_word' id='word_1_36' title='bbox 1584 947 1718 1009; x_wconf 90' lang='lat' dir='ltr'>rica</span> <span class='ocrx_word' id='word_1_37' title='bbox 1758 956 1925 1012; x_wconf 84' lang='lat' dir='ltr'>testa</span> <span class='ocrx_word' id='word_1_38' title='bbox 1968 957 2181 1033; x_wconf 89' lang='lat' dir='ltr'>caput.</span> 
     </span>
    </p>
   </div>
   <div class='ocr_carea' id='block_1_5' title="bbox 555 1047 2796 1987">
    <p class='ocr_par' dir='ltr' id='par_1_5' title="bbox 641 1047 2416 1134">
     <span class='ocr_line' id='line_1_7' title="bbox 641 1047 2416 1134; baseline -0.001 -20"><span class='ocrx_word' id='word_1_39' title='bbox 641 1048 819 1114; x_wconf 86' lang='lat' dir='ltr'>Orba</span> <span class='ocrx_word' id='word_1_40' title='bbox 862 1047 1034 1134; x_wconf 88' lang='lat' dir='ltr'>quod</span> <span class='ocrx_word' id='word_1_41' title='bbox 1077 1048 1406 1113; x_wconf 87' lang='lat' dir='ltr'>inventum</span> <span class='ocrx_word' id='word_1_42' title='bbox 1451 1057 1657 1113; x_wconf 88' lang='lat' dir='ltr'>mater</span> <span class='ocrx_word' id='word_1_43' title='bbox 1697 1047 1851 1112; x_wconf 88' lang='lat' dir='ltr'>dum</span> <span class='ocrx_word' id='word_1_44' title='bbox 1896 1050 2198 1115; x_wconf 88' lang='lat' dir='ltr'>conderet</span> <span class='ocrx_word' id='word_1_45' title='bbox 2237 1071 2416 1132; x_wconf 87' lang='lat' dir='ltr'>urna,</span> 
     </span>
    </p>

    <p class='ocr_par' dir='ltr' id='par_1_6' title="bbox 727 1130 2304 1220">
     <span class='ocr_line' id='line_1_8' title="bbox 727 1130 2304 1220; baseline 0.001 -25"><span class='ocrx_word' id='word_1_46' title='bbox 727 1131 892 1196; x_wconf 88' lang='lat' dir='ltr'>‘Hoc</span> <span class='ocrx_word' id='word_1_47' title='bbox 936 1132 1161 1218; x_wconf 85' lang='lat' dir='ltr'>peperi</span> <span class='ocrx_word' id='word_1_48' title='bbox 1202 1130 1494 1214; x_wconf 86' lang='lat' dir='ltr'>flammis,</span> <span class='ocrx_word' id='word_1_49' title='bbox 1542 1130 1788 1215; x_wconf 88' lang='lat' dir='ltr'>cetera&#39;,</span> <span class='ocrx_word' id='word_1_50' title='bbox 1833 1131 2017 1216; x_wconf 85' lang='lat' dir='ltr'><strong>dixit,</strong></span> <span class='ocrx_word' id='word_1_51' title='bbox 2063 1135 2304 1220; x_wconf 86' lang='lat' dir='ltr'>‘aquis’.</span> 
     </span>
    </p>

    <p class='ocr_par' dir='ltr' id='par_1_7' title="bbox 555 1234 2793 1737">
     <span class='ocr_line' id='line_1_9' title="bbox 724 1234 2788 1320; baseline -0 -23"><span class='ocrx_word' id='word_1_52' title='bbox 724 1234 905 1298; x_wconf 86' lang='lat' dir='ltr'>Haec</span> <span class='ocrx_word' id='word_1_53' title='bbox 949 1256 1083 1298; x_wconf 92' lang='lat' dir='ltr'>non</span> <span class='ocrx_word' id='word_1_54' title='bbox 1126 1234 1324 1298; x_wconf 82' lang='lat' dir='ltr'>multo</span> <span class='ocrx_word' id='word_1_55' title='bbox 1370 1244 1526 1319; x_wconf 87' lang='lat' dir='ltr'>post</span> <span class='ocrx_word' id='word_1_56' title='bbox 1569 1257 1819 1299; x_wconf 82' lang='lat' dir='ltr'>annum</span> <span class='ocrx_word' id='word_1_57' title='bbox 1857 1235 1997 1300; x_wconf 87' lang='lat'><strong>781.</strong></span> <span class='ocrx_word' id='word_1_58' title='bbox 2053 1237 2306 1320; x_wconf 84' lang='lat' dir='ltr'>scripta</span> <span class='ocrx_word' id='word_1_59' title='bbox 2349 1237 2485 1300; x_wconf 86' lang='lat' dir='ltr'>sint</span> <span class='ocrx_word' id='word_1_60' title='bbox 2528 1244 2788 1319; x_wconf 76' lang='lat' dir='ltr'>oportet,</span> 
     </span>
     <span class='ocr_line' id='line_1_10' title="bbox 557 1317 2792 1403; baseline 0 -21"><span class='ocrx_word' id='word_1_61' title='bbox 557 1341 680 1403; x_wconf 80' lang='lat' dir='ltr'>quo</span> <span class='ocrx_word' id='word_1_62' title='bbox 724 1318 1057 1399; x_wconf 79' lang='lat' dir='ltr'>Rothrud,</span> <span class='ocrx_word' id='word_1_63' title='bbox 1117 1317 1356 1382; x_wconf 81' lang='lat' dir='ltr'>Karoli</span> <span class='ocrx_word' id='word_1_64' title='bbox 1393 1317 1586 1399; x_wconf 82' lang='lat' dir='ltr'>filia,</span> <span class='ocrx_word' id='word_1_65' title='bbox 1640 1319 2025 1403; x_wconf 88' lang='lat' dir='ltr'>imperatori</span> <span class='ocrx_word' id='word_1_66' title='bbox 2072 1318 2792 1403; x_wconf 75' lang='lat' dir='ltr'>Constantinopolitano</span> 
     </span>
     <span class='ocr_line' id='line_1_11' title="bbox 555 1399 2793 1488; baseline 0 -22"><span class='ocrx_word' id='word_1_67' title='bbox 555 1411 645 1466; x_wconf 87' lang='lat' dir='ltr'>est</span> <span class='ocrx_word' id='word_1_68' title='bbox 688 1401 1085 1484; x_wconf 80' lang='lat' dir='ltr'>desponsata</span> <span class='ocrx_word' id='word_1_69' title='bbox 1105 1413 1148 1463; x_wconf 88' lang='lat'>¹.</span> <span class='ocrx_word' id='word_1_70' title='bbox 1233 1399 1452 1464; x_wconf 83' lang='lat' dir='ltr'>Altero</span> <span class='ocrx_word' id='word_1_71' title='bbox 1496 1405 1789 1467; x_wconf 80' lang='lat' dir='ltr'>carmine</span> <span class='ocrx_word' id='word_1_72' title='bbox 1833 1401 2167 1487; x_wconf 63' lang='lat' dir='ltr'>Siqqfhidi</span> <span class='ocrx_word' id='word_1_73' title='bbox 2220 1404 2399 1488; x_wconf 74' lang='lat' dir='ltr'>reqis</span> <span class='ocrx_word' id='word_1_74' title='bbox 2441 1403 2793 1468; x_wconf 85' lang='lat' dir='ltr'>Danorum</span> 
     </span>
     <span class='ocr_line' id='line_1_12' title="bbox 555 1483 2791 1570; baseline 0.001 -22"><span class='ocrx_word' id='word_1_75' title='bbox 555 1486 790 1548; x_wconf 90' lang='lat' dir='ltr'>mentio</span> <span class='ocrx_word' id='word_1_76' title='bbox 838 1483 958 1566; x_wconf 84' lang='lat' dir='ltr'>fit,</span> <span class='ocrx_word' id='word_1_77' title='bbox 1026 1486 1216 1570; x_wconf 81' lang='lat' dir='ltr'>cujus</span> <span class='ocrx_word' id='word_1_78' title='bbox 1279 1484 1481 1569; x_wconf 72' lang='lat' dir='ltr'>leqati</span> <span class='ocrx_word' id='word_1_79' title='bbox 1546 1507 1609 1548; x_wconf 89' lang='lat' dir='ltr'>a.</span> <span class='ocrx_word' id='word_1_80' title='bbox 1656 1483 1795 1547; x_wconf 88' lang='grc'><strong>782.</strong></span> <span class='ocrx_word' id='word_1_81' title='bbox 1841 1485 2162 1549; x_wconf 82' lang='lat' dir='ltr'>Karolum</span> <span class='ocrx_word' id='word_1_82' title='bbox 2209 1488 2601 1550; x_wconf 63' lang='lat' dir='ltr'>adierunffl:</span> <span class='ocrx_word' id='word_1_83' title='bbox 2647 1508 2791 1551; x_wconf 89' lang='lat' dir='ltr'>con-</span> 
     </span>
     <span class='ocr_line' id='line_1_13' title="bbox 555 1568 2793 1655; baseline 0 -23"><span class='ocrx_word' id='word_1_84' title='bbox 555 1568 909 1632; x_wconf 75' lang='lat' dir='ltr'>versionem</span> <span class='ocrx_word' id='word_1_85' title='bbox 970 1570 1141 1647; x_wconf 80' lang='lat' dir='ltr'>e&#39;us,</span> <span class='ocrx_word' id='word_1_86' title='bbox 1201 1569 1423 1653; x_wconf 79' lang='lat' dir='ltr'>jocose</span> <span class='ocrx_word' id='word_1_87' title='bbox 1488 1577 1561 1631; x_wconf 81' lang='lat' dir='ltr'>ut</span> <span class='ocrx_word' id='word_1_88' title='bbox 1622 1568 1907 1650; x_wconf 78' lang='lat' dir='ltr'>videtur,</span> <span class='ocrx_word' id='word_1_89' title='bbox 1979 1590 2097 1633; x_wconf 76' lang='lat' dir='ltr'>rex</span> <span class='ocrx_word' id='word_1_90' title='bbox 2161 1569 2373 1633; x_wconf 81' lang='lat' dir='ltr'>Paulo</span> <span class='ocrx_word' id='word_1_91' title='bbox 2443 1571 2793 1655; x_wconf 72' lang='lat' dir='ltr'>injunqere</span> 
     </span>
     <span class='ocr_line' id='line_1_14' title="bbox 555 1591 2793 1737; baseline 0 -21"><span class='ocrx_word' id='word_1_92' title='bbox 555 1651 757 1716; x_wconf 84' lang='lat' dir='ltr'>voluit</span> <span class='ocrx_word' id='word_1_93' title='bbox 769 1662 813 1718; x_wconf 77' lang='lat'>³.</span> <span class='ocrx_word' id='word_1_94' title='bbox 923 1591 1160 1717; x_wconf 51' lang='lat' dir='ltr'>Kgroli</span> <span class='ocrx_word' id='word_1_95' title='bbox 1237 1654 1413 1716; x_wconf 78' lang='lat' dir='ltr'>‘ussa</span> <span class='ocrx_word' id='word_1_96' title='bbox 1469 1651 1818 1737; x_wconf 77' lang='lat' dir='ltr'>epitaphia</span> <span class='ocrx_word' id='word_1_97' title='bbox 1880 1674 2210 1733; x_wconf 85' lang='lat' dir='ltr'>sororum,</span> <span class='ocrx_word' id='word_1_98' title='bbox 2275 1655 2507 1718; x_wconf 76' lang='lat' dir='ltr'>uxoris</span> <span class='ocrx_word' id='word_1_99' title='bbox 2570 1653 2793 1717; x_wconf 80' lang='lat' dir='ltr'>Hilde-</span> 
     </span>
    </p>

    <p class='ocr_par' dir='ltr' id='par_1_8' title="bbox 556 1674 2796 1987">
     <span class='ocr_line' id='line_1_15' title="bbox 604 1674 2795 1821; baseline 0 -22"><span class='ocrx_word' id='word_1_100' title='bbox 604 1736 823 1816; x_wconf 83' lang='lat' dir='ltr'>ardis,</span> <span class='ocrx_word' id='word_1_101' title='bbox 884 1757 1050 1820; x_wconf 81' lang='lat' dir='ltr'>quae</span> <span class='ocrx_word' id='word_1_102' title='bbox 1095 1758 1158 1797; x_wconf 91' lang='lat' dir='ltr'>a.</span> <span class='ocrx_word' id='word_1_103' title='bbox 1192 1674 1332 1799; x_wconf 61' lang='lat'><strong>7783.</strong></span> <span class='ocrx_word' id='word_1_104' title='bbox 1381 1735 1556 1816; x_wconf 83' lang='lat' dir='ltr'>obiit,</span> <span class='ocrx_word' id='word_1_105' title='bbox 1608 1746 1667 1800; x_wconf 88' lang='lat' dir='ltr'>et</span> <span class='ocrx_word' id='word_1_106' title='bbox 1690 1735 2001 1818; x_wconf 83' lang='lat' dir='ltr'>filiarum</span> <span class='ocrx_word' id='word_1_107' title='bbox 2044 1738 2331 1801; x_wconf 80' lang='lat' dir='ltr'>duarum</span> <span class='ocrx_word' id='word_1_108' title='bbox 2373 1738 2795 1821; x_wconf 74' lang='lat' dir='ltr'>composuit⁴.</span> 
     </span>
     <span class='ocr_line' id='line_1_16' title="bbox 611 1818 2796 1904; baseline 0.001 -22"><span class='ocrx_word' id='word_1_109' title='bbox 611 1843 738 1883; x_wconf 82' lang='lat' dir='ltr'>unc</span> <span class='ocrx_word' id='word_1_110' title='bbox 796 1819 988 1883; x_wconf 84' lang='lat' dir='ltr'>etiam</span> <span class='ocrx_word' id='word_1_111' title='bbox 1045 1841 1233 1883; x_wconf 79' lang='lat' dir='ltr'>eoecer</span> <span class='ocrx_word' id='word_1_112' title='bbox 1281 1829 1350 1882; x_wconf 92' lang='lat' dir='ltr'>ta</span> <span class='ocrx_word' id='word_1_113' title='bbox 1402 1841 1482 1882; x_wconf 73' lang='lat' dir='ltr'>ew</span> <span class='ocrx_word' id='word_1_114' title='bbox 1540 1818 1727 1885; x_wconf 82' lang='lat' dir='ltr'>libris</span> <span class='ocrx_word' id='word_1_115' title='bbox 1784 1820 2079 1904; x_wconf 87' lang='lat' dir='ltr'>Pompeii</span> <span class='ocrx_word' id='word_1_116' title='bbox 2119 1821 2295 1884; x_wconf 83' lang='lat' dir='ltr'>Festi</span> <span class='ocrx_word' id='word_1_117' title='bbox 2337 1819 2541 1903; x_wconf 86' lang='lat' dir='ltr'>facta</span> <span class='ocrx_word' id='word_1_118' title='bbox 2591 1821 2796 1885; x_wconf 80' lang='lat' dir='ltr'>credi-</span> 
     </span>
     <span class='ocr_line' id='line_1_17' title="bbox 556 1903 2794 1987; baseline 0 -20"><span class='ocrx_word' id='word_1_119' title='bbox 556 1904 781 1984; x_wconf 81' lang='lat' dir='ltr'>derim,</span> <span class='ocrx_word' id='word_1_120' title='bbox 828 1924 995 1987; x_wconf 81' lang='lat' dir='ltr'>quae</span> <span class='ocrx_word' id='word_1_121' title='bbox 1038 1903 1223 1967; x_wconf 86' lang='lat' dir='ltr'>Karo</span> <span class='ocrx_word' id='word_1_122' title='bbox 1251 1925 1285 1966; x_wconf 91' lang='lat' dir='ltr'>o</span> <span class='ocrx_word' id='word_1_123' title='bbox 1330 1905 1764 1968; x_wconf 81' lang='lat' dir='ltr'>transmissa⁵</span> <span class='ocrx_word' id='word_1_124' title='bbox 1824 1907 1964 1968; x_wconf 87' lang='lat' dir='ltr'>sine</span> <span class='ocrx_word' id='word_1_125' title='bbox 2020 1926 2228 1968; x_wconf 85' lang='lat' dir='ltr'>causa</span> <span class='ocrx_word' id='word_1_126' title='bbox 2273 1903 2465 1968; x_wconf 79' lang='lat' dir='ltr'>alteri</span> <span class='ocrx_word' id='word_1_127' title='bbox 2526 1905 2794 1969; x_wconf 81' lang='lat' dir='ltr'>cuidam</span> 
     </span>
    </p>
   </div>
   <div class='ocr_carea' id='block_1_6' title="bbox 548 2025 2799 4281">
    <p class='ocr_par' dir='ltr' id='par_1_9' title="bbox 548 2025 2792 2390">
     <span class='ocr_line' id='line_1_18' title="bbox 559 2025 2792 2096; baseline 0.001 -18"><span class='ocrx_word' id='word_1_128' title='bbox 559 2030 612 2094; x_wconf 88' lang='lat'>1)</span> <span class='ocrx_word' id='word_1_129' title='bbox 651 2027 792 2080; x_wconf 84' lang='lat' dir='ltr'>Ann.</span> <span class='ocrx_word' id='word_1_130' title='bbox 832 2027 1116 2092; x_wconf 62' lang='lat' dir='ltr'>Lauresh„</span> <span class='ocrx_word' id='word_1_131' title='bbox 1157 2026 1257 2080; x_wconf 77' lang='lat' dir='ltr'>SS.</span> <span class='ocrx_word' id='word_1_132' title='bbox 1296 2027 1344 2092; x_wconf 86' lang='lat' dir='ltr'>I,</span> <span class='ocrx_word' id='word_1_133' title='bbox 1371 2046 1436 2095; x_wconf 87' lang='lat' dir='ltr'>p.</span> <span class='ocrx_word' id='word_1_134' title='bbox 1465 2029 1553 2080; x_wconf 86' lang='grc'><strong>32.</strong></span> <span class='ocrx_word' id='word_1_135' title='bbox 1777 2029 1832 2094; x_wconf 85' lang='grc'>2)</span> <span class='ocrx_word' id='word_1_136' title='bbox 1872 2025 2016 2083; x_wconf 83' lang='lat' dir='ltr'>Ann.</span> <span class='ocrx_word' id='word_1_137' title='bbox 2053 2028 2225 2081; x_wconf 79' lang='lat' dir='ltr'>Laur.</span> <span class='ocrx_word' id='word_1_138' title='bbox 2265 2029 2420 2096; x_wconf 64' lang='lat' dir='ltr'>maj„</span> <span class='ocrx_word' id='word_1_139' title='bbox 2470 2028 2540 2079; x_wconf 81' lang='lat' dir='ltr'>ib.</span> <span class='ocrx_word' id='word_1_140' title='bbox 2570 2046 2634 2093; x_wconf 84' lang='lat' dir='ltr'>p.</span> <span class='ocrx_word' id='word_1_141' title='bbox 2667 2028 2792 2081; x_wconf 98' lang='grc'><strong>162.</strong></span> 
     </span>
     <span class='ocr_line' id='line_1_19' title="bbox 558 2100 2791 2168; baseline 0 -16"><span class='ocrx_word' id='word_1_142' title='bbox 558 2104 611 2166; x_wconf 86' lang='grc'>3)</span> <span class='ocrx_word' id='word_1_143' title='bbox 665 2101 725 2153; x_wconf 88' lang='lat' dir='ltr'>V.</span> <span class='ocrx_word' id='word_1_144' title='bbox 778 2101 1019 2153; x_wconf 81' lang='lat' dir='ltr'>carmina</span> <span class='ocrx_word' id='word_1_145' title='bbox 1056 2100 1131 2152; x_wconf 91' lang='lat' dir='ltr'>II</span> <span class='ocrx_word' id='word_1_146' title='bbox 1171 2110 1218 2154; x_wconf 85' lang='lat' dir='ltr'>et</span> <span class='ocrx_word' id='word_1_147' title='bbox 1256 2100 1370 2163; x_wconf 91' lang='lat' dir='ltr'>III,</span> <span class='ocrx_word' id='word_1_148' title='bbox 1411 2101 1470 2153; x_wconf 91' lang='lat' dir='ltr'>Z.</span> <span class='ocrx_word' id='word_1_149' title='bbox 1495 2102 1555 2168; x_wconf 90' lang='lat' dir='ltr'>f.</span> <span class='ocrx_word' id='word_1_150' title='bbox 1594 2100 1665 2153; x_wconf 92' lang='lat' dir='ltr'>D.</span> <span class='ocrx_word' id='word_1_151' title='bbox 1706 2100 1814 2155; x_wconf 82' lang='lat' dir='ltr'>Alt.</span> <span class='ocrx_word' id='word_1_152' title='bbox 1853 2103 1886 2154; x_wconf 80' lang='lat' dir='ltr'>l.</span> <span class='ocrx_word' id='word_1_153' title='bbox 1929 2103 1963 2153; x_wconf 85' lang='grc' dir='ltr'><strong>Ζ.</strong></span> <span class='ocrx_word' id='word_1_154' title='bbox 1997 2120 2057 2168; x_wconf 84' lang='lat' dir='ltr'>p.</span> <span class='ocrx_word' id='word_1_155' title='bbox 2087 2103 2212 2153; x_wconf 83' lang='grc'><strong>452.</strong></span> <span class='ocrx_word' id='word_1_156' title='bbox 2290 2101 2476 2168; x_wconf 74' lang='lat' dir='ltr'>Ibique</span> <span class='ocrx_word' id='word_1_157' title='bbox 2517 2101 2629 2152; x_wconf 79' lang='lat' dir='ltr'>alia</span> <span class='ocrx_word' id='word_1_158' title='bbox 2667 2110 2791 2152; x_wconf 78' lang='lat' dir='ltr'>sunt</span> 
     </span>
     <span class='ocr_line' id='line_1_20' title="bbox 557 2171 2789 2244; baseline -0.001 -17"><span class='ocrx_word' id='word_1_159' title='bbox 557 2176 784 2227; x_wconf 76' lang='lat' dir='ltr'>collecta.</span> <span class='ocrx_word' id='word_1_160' title='bbox 916 2176 971 2238; x_wconf 88' lang='lat'>4)</span> <span class='ocrx_word' id='word_1_161' title='bbox 1013 2173 1077 2225; x_wconf 74' lang='lat' dir='ltr'>G.</span> <span class='ocrx_word' id='word_1_162' title='bbox 1119 2175 1284 2238; x_wconf 56' lang='lat' dir='ltr'>Meta,</span> <span class='ocrx_word' id='word_1_163' title='bbox 1323 2171 1423 2225; x_wconf 79' lang='lat' dir='ltr'>SS.</span> <span class='ocrx_word' id='word_1_164' title='bbox 1465 2173 1547 2238; x_wconf 91' lang='lat' dir='ltr'>II,</span> <span class='ocrx_word' id='word_1_165' title='bbox 1577 2191 1638 2240; x_wconf 90' lang='lat' dir='ltr'>p.</span> <span class='ocrx_word' id='word_1_166' title='bbox 1668 2174 1793 2226; x_wconf 83' lang='grc'><strong>265.</strong></span> <span class='ocrx_word' id='word_1_167' title='bbox 1915 2176 1969 2240; x_wconf 84' lang='grc'>5)</span> <span class='ocrx_word' id='word_1_168' title='bbox 2008 2174 2306 2244; x_wconf 85' lang='lat' dir='ltr'>Epistolam</span> <span class='ocrx_word' id='word_1_169' title='bbox 2343 2191 2408 2226; x_wconf 76' lang='lat' dir='ltr'>ex</span> <span class='ocrx_word' id='word_1_170' title='bbox 2446 2175 2557 2227; x_wconf 80' lang='lat' dir='ltr'>cod.</span> <span class='ocrx_word' id='word_1_171' title='bbox 2598 2175 2789 2225; x_wconf 82' lang='lat' dir='ltr'>Mona·</span> 
     </span>
     <span class='ocr_line' id='line_1_21' title="bbox 552 2245 2792 2314; baseline -0 -14"><span class='ocrx_word' id='word_1_172' title='bbox 552 2248 702 2304; x_wconf 74' lang='lat' dir='ltr'>‚censi</span> <span class='ocrx_word' id='word_1_173' title='bbox 728 2248 830 2301; x_wconf 86' lang='lat' dir='ltr'>Nr.</span> <span class='ocrx_word' id='word_1_174' title='bbox 868 2248 1063 2310; x_wconf 82' lang='grc'><strong>14734,</strong></span> <span class='ocrx_word' id='word_1_175' title='bbox 1092 2265 1134 2300; x_wconf 90' lang='lat' dir='ltr'>s.</span> <span class='ocrx_word' id='word_1_176' title='bbox 1161 2248 1228 2311; x_wconf 88' lang='lat' dir='ltr'>X,</span> <span class='ocrx_word' id='word_1_177' title='bbox 1269 2245 1592 2314; x_wconf 77' lang='lat' dir='ltr'>descriptam</span> <span class='ocrx_word' id='word_1_178' title='bbox 1629 2264 1747 2299; x_wconf 81' lang='lat' dir='ltr'>cum</span> <span class='ocrx_word' id='word_1_179' title='bbox 1785 2248 2061 2299; x_wconf 78' lang='lat' dir='ltr'>lectoribus</span> <span class='ocrx_word' id='word_1_180' title='bbox 2101 2247 2557 2310; x_wconf 79' lang='lat' dir='ltr'>communicamus,</span> <span class='ocrx_word' id='word_1_181' title='bbox 2598 2255 2657 2297; x_wconf 78' lang='lat' dir='ltr'>ut</span> <span class='ocrx_word' id='word_1_182' title='bbox 2685 2247 2792 2313; x_wconf 83' lang='lat' dir='ltr'>ipsi</span> 
     </span>
     <span class='ocr_line' id='line_1_22' title="bbox 548 2319 2043 2390; baseline 0 -18"><span class='ocrx_word' id='word_1_183' title='bbox 548 2320 800 2390; x_wconf 78' lang='lat' dir='ltr'>judicare</span> <span class='ocrx_word' id='word_1_184' title='bbox 837 2330 1048 2388; x_wconf 81' lang='lat' dir='ltr'>queant,</span> <span class='ocrx_word' id='word_1_185' title='bbox 1086 2338 1215 2372; x_wconf 80' lang='lat' dir='ltr'>num</span> <span class='ocrx_word' id='word_1_186' title='bbox 1250 2320 1415 2372; x_wconf 82' lang='lat' dir='ltr'>Pauli</span> <span class='ocrx_word' id='word_1_187' title='bbox 1450 2319 1661 2388; x_wconf 75' lang='lat' dir='ltr'>inqenio</span> <span class='ocrx_word' id='word_1_188' title='bbox 1700 2321 2043 2387; x_wconf 84' lang='lat' dir='ltr'>respondeat:</span> 
     </span>
    </p>

    <p class='ocr_par' dir='ltr' id='par_1_10' title="bbox 556 2392 2799 3701">
     <span class='ocr_line' id='line_1_23' title="bbox 743 2392 2794 2462; baseline -0.001 -16"><span class='ocrx_word' id='word_1_189' title='bbox 743 2396 975 2448; x_wconf 85' lang='lat' dir='ltr'>Divinae</span> <span class='ocrx_word' id='word_1_190' title='bbox 993 2400 1020 2431; x_wconf 74' lang='lat'>²²</span> <span class='ocrx_word' id='word_1_191' title='bbox 1056 2393 1323 2461; x_wconf 87' lang='lat' dir='ltr'>largitatis</span> <span class='ocrx_word' id='word_1_192' title='bbox 1354 2410 1591 2458; x_wconf 87' lang='lat' dir='ltr'>munere,</span> <span class='ocrx_word' id='word_1_193' title='bbox 1628 2397 1896 2462; x_wconf 87' lang='lat' dir='ltr'>sapientia</span> <span class='ocrx_word' id='word_1_194' title='bbox 1932 2397 2280 2462; x_wconf 83' lang='lat' dir='ltr'>potentiaque</span> <span class='ocrx_word' id='word_1_195' title='bbox 2316 2392 2658 2462; x_wconf 85' lang='lat' dir='ltr'>praefulgido</span> <span class='ocrx_word' id='word_1_196' title='bbox 2692 2392 2794 2444; x_wconf 86' lang='lat' dir='ltr'>Ca·</span> 
     </span>
     <span class='ocr_line' id='line_1_24' title="bbox 559 2463 2796 2536; baseline -0 -17"><span class='ocrx_word' id='word_1_197' title='bbox 559 2470 672 2520; x_wconf 80' lang='lat' dir='ltr'>ralo</span> <span class='ocrx_word' id='word_1_198' title='bbox 686 2463 715 2504; x_wconf 74' lang='lat'>¹&gt;</span> <span class='ocrx_word' id='word_1_199' title='bbox 769 2484 955 2534; x_wconf 86' lang='lat' dir='ltr'>regum</span> <span class='ocrx_word' id='word_1_200' title='bbox 1007 2468 1384 2520; x_wconf 85' lang='lat' dir='ltr'>sublimissimo</span> <span class='ocrx_word' id='word_1_201' title='bbox 1425 2468 1623 2519; x_wconf 86' lang='lat' dir='ltr'>Paulus</span> <span class='ocrx_word' id='word_1_202' title='bbox 1670 2468 1887 2520; x_wconf 87' lang='lat' dir='ltr'>ultimus</span> <span class='ocrx_word' id='word_1_203' title='bbox 1942 2469 2201 2520; x_wconf 80' lang='lat' dir='ltr'>servulus.</span> <span class='ocrx_word' id='word_1_204' title='bbox 2297 2468 2533 2536; x_wconf 75' lang='lat' dir='ltr'>Cupiens</span> <span class='ocrx_word' id='word_1_205' title='bbox 2589 2467 2796 2534; x_wconf 87' lang='lat' dir='ltr'>aliquid</span> 
     </span>
     <span class='ocr_line' id='line_1_25' title="bbox 558 2540 2795 2609; baseline 0 -17"><span class='ocrx_word' id='word_1_206' title='bbox 558 2544 750 2594; x_wconf 86' lang='lat' dir='ltr'>vestris</span> <span class='ocrx_word' id='word_1_207' title='bbox 801 2542 1146 2593; x_wconf 79' lang='lat' dir='ltr'>bibliothecis</span> <span class='ocrx_word' id='word_1_208' title='bbox 1197 2541 1429 2605; x_wconf 84' lang='lat' dir='ltr'>addere,</span> <span class='ocrx_word' id='word_1_209' title='bbox 1483 2543 1611 2608; x_wconf 87' lang='lat' dir='ltr'>quia</span> <span class='ocrx_word' id='word_1_210' title='bbox 1663 2557 1729 2592; x_wconf 84' lang='lat' dir='ltr'>ex</span> <span class='ocrx_word' id='word_1_211' title='bbox 1779 2542 2006 2608; x_wconf 87' lang='lat' dir='ltr'>propriis</span> <span class='ocrx_word' id='word_1_212' title='bbox 2056 2557 2342 2609; x_wconf 77' lang='lat' dir='ltr'>perparum</span> <span class='ocrx_word' id='word_1_213' title='bbox 2385 2540 2561 2605; x_wconf 86' lang='lat' dir='ltr'>valeo,</span> <span class='ocrx_word' id='word_1_214' title='bbox 2608 2556 2795 2592; x_wconf 87' lang='lat' dir='ltr'>neces·</span> 
     </span>
     <span class='ocr_line' id='line_1_26' title="bbox 559 2612 2797 2681; baseline -0 -16"><span class='ocrx_word' id='word_1_215' title='bbox 559 2617 698 2666; x_wconf 84' lang='lat' dir='ltr'>sario</span> <span class='ocrx_word' id='word_1_216' title='bbox 751 2631 817 2666; x_wconf 84' lang='lat' dir='ltr'>ex</span> <span class='ocrx_word' id='word_1_217' title='bbox 868 2614 1044 2665; x_wconf 91' lang='lat' dir='ltr'>alieno</span> <span class='ocrx_word' id='word_1_218' title='bbox 1090 2615 1345 2665; x_wconf 78' lang='lat' dir='ltr'>mutuavi.</span> <span class='ocrx_word' id='word_1_219' title='bbox 1421 2614 1654 2666; x_wconf 74' lang='lat' dir='ltr'>Sextus⁰</span> <span class='ocrx_word' id='word_1_220' title='bbox 1703 2612 1934 2679; x_wconf 92' lang='lat' dir='ltr'>denique</span> <span class='ocrx_word' id='word_1_221' title='bbox 1972 2615 2260 2681; x_wconf 88' lang='lat' dir='ltr'>Pompeius</span> <span class='ocrx_word' id='word_1_222' title='bbox 2298 2616 2554 2665; x_wconf 84' lang='lat' dir='ltr'>Romanis</span> <span class='ocrx_word' id='word_1_223' title='bbox 2605 2614 2797 2666; x_wconf 85' lang='lat' dir='ltr'>studiis</span> 
     </span>
     <span class='ocr_line' id='line_1_27' title="bbox 559 2684 2796 2752; baseline 0 -15"><span class='ocrx_word' id='word_1_224' title='bbox 559 2688 760 2738; x_wconf 83' lang='lat' dir='ltr'>affatim</span> <span class='ocrx_word' id='word_1_225' title='bbox 800 2686 1054 2749; x_wconf 88' lang='lat' dir='ltr'>eruditus,</span> <span class='ocrx_word' id='word_1_226' title='bbox 1093 2691 1205 2736; x_wconf 86' lang='lat' dir='ltr'>tam</span> <span class='ocrx_word' id='word_1_227' title='bbox 1232 2702 1534 2738; x_wconf 80' lang='lat' dir='ltr'>sermonum</span> <span class='ocrx_word' id='word_1_228' title='bbox 1560 2684 1879 2748; x_wconf 86' lang='lat' dir='ltr'>abditorum,</span> <span class='ocrx_word' id='word_1_229' title='bbox 1919 2701 2079 2751; x_wconf 89' lang='lat' dir='ltr'>quam</span> <span class='ocrx_word' id='word_1_230' title='bbox 2106 2688 2270 2737; x_wconf 87' lang='lat' dir='ltr'>etiam</span> <span class='ocrx_word' id='word_1_231' title='bbox 2297 2685 2631 2752; x_wconf 77' lang='lat' dir='ltr'>quarundam</span> <span class='ocrx_word' id='word_1_232' title='bbox 2672 2701 2796 2737; x_wconf 89' lang='lat' dir='ltr'>cau·</span> 
     </span>
     <span class='ocr_line' id='line_1_28' title="bbox 557 2753 2799 2825; baseline -0.002 -14"><span class='ocrx_word' id='word_1_233' title='bbox 557 2776 735 2811; x_wconf 83' lang='lat' dir='ltr'>sarum</span> <span class='ocrx_word' id='word_1_234' title='bbox 773 2760 1005 2825; x_wconf 82' lang='lat' dir='ltr'>origines</span> <span class='ocrx_word' id='word_1_235' title='bbox 1044 2760 1308 2825; x_wconf 87' lang='lat' dir='ltr'>aperiens,</span> <span class='ocrx_word' id='word_1_236' title='bbox 1348 2774 1482 2824; x_wconf 87' lang='lat' dir='ltr'>opus</span> <span class='ocrx_word' id='word_1_237' title='bbox 1519 2773 1674 2809; x_wconf 87' lang='lat' dir='ltr'>suum</span> <span class='ocrx_word' id='word_1_238' title='bbox 1714 2759 1782 2807; x_wconf 90' lang='lat' dir='ltr'>ad</span> <span class='ocrx_word' id='word_1_239' title='bbox 1809 2760 2002 2823; x_wconf 81' lang='lat' dir='ltr'>viginti</span> <span class='ocrx_word' id='word_1_240' title='bbox 2027 2774 2196 2825; x_wconf 87' lang='lat' dir='ltr'>usque</span> <span class='ocrx_word' id='word_1_241' title='bbox 2214 2753 2243 2795; x_wconf 62' lang='grc' dir='ltr'>ἃ</span> <span class='ocrx_word' id='word_1_242' title='bbox 2279 2758 2489 2824; x_wconf 81' lang='lat' dir='ltr'>prolixa</span> <span class='ocrx_word' id='word_1_243' title='bbox 2525 2759 2799 2810; x_wconf 82' lang='lat' dir='ltr'>volumina</span> 
     </span>
     <span class='ocr_line' id='line_1_29' title="bbox 560 2829 2799 2896; baseline -0.001 -14"><span class='ocrx_word' id='word_1_244' title='bbox 560 2831 825 2895; x_wconf 78' lang='lat' dir='ltr'>extendit3</span> <span class='ocrx_word' id='word_1_245' title='bbox 867 2848 932 2881; x_wconf 80' lang='lat' dir='ltr'>ex</span> <span class='ocrx_word' id='word_1_246' title='bbox 970 2845 1076 2896; x_wconf 88' lang='lat' dir='ltr'>qua</span> <span class='ocrx_word' id='word_1_247' title='bbox 1115 2846 1217 2896; x_wconf 89' lang='lat' dir='ltr'>ego</span> <span class='ocrx_word' id='word_1_248' title='bbox 1255 2829 1565 2896; x_wconf 82' lang='lat' dir='ltr'>prolixitate</span> <span class='ocrx_word' id='word_1_249' title='bbox 1604 2832 1872 2896; x_wconf 85' lang='lat' dir='ltr'>superflua</span> <span class='ocrx_word' id='word_1_250' title='bbox 1898 2846 2146 2896; x_wconf 91' lang='lat' dir='ltr'>quaeque</span> <span class='ocrx_word' id='word_1_251' title='bbox 2188 2836 2242 2881; x_wconf 92' lang='lat' dir='ltr'>et</span> <span class='ocrx_word' id='word_1_252' title='bbox 2277 2832 2451 2882; x_wconf 88' lang='lat' dir='ltr'>minus</span> <span class='ocrx_word' id='word_1_253' title='bbox 2490 2832 2799 2882; x_wconf 84' lang='lat' dir='ltr'>necessaria</span> 
     </span>
     <span class='ocr_line' id='line_1_30' title="bbox 557 2902 2793 2972; baseline -0 -17"><span class='ocrx_word' id='word_1_254' title='bbox 557 2904 1052 2972; x_wconf 82' lang='lat' dir='ltr'>praetergrediens,</span> <span class='ocrx_word' id='word_1_255' title='bbox 1106 2909 1160 2954; x_wconf 91' lang='lat' dir='ltr'>et</span> <span class='ocrx_word' id='word_1_256' title='bbox 1205 2902 1472 2968; x_wconf 83' lang='lat' dir='ltr'>quaedam</span> <span class='ocrx_word' id='word_1_257' title='bbox 1526 2903 1770 2954; x_wconf 85' lang='lat' dir='ltr'>abstrusa</span> <span class='ocrx_word' id='word_1_258' title='bbox 1820 2904 2032 2969; x_wconf 89' lang='lat' dir='ltr'>penitus</span> <span class='ocrx_word' id='word_1_259' title='bbox 2071 2902 2195 2954; x_wconf 91' lang='lat' dir='ltr'>stilo</span> <span class='ocrx_word' id='word_1_260' title='bbox 2232 2904 2445 2970; x_wconf 88' lang='lat' dir='ltr'>proprio</span> <span class='ocrx_word' id='word_1_261' title='bbox 2486 2903 2793 2967; x_wconf 84' lang='lat' dir='ltr'>enucleans,</span> 
     </span>
     <span class='ocr_line' id='line_1_31' title="bbox 556 2974 2795 3042; baseline -0 -15"><span class='ocrx_word' id='word_1_262' title='bbox 556 2976 813 3029; x_wconf 90' lang='lat' dir='ltr'>nonnulla</span> <span class='ocrx_word' id='word_1_263' title='bbox 848 2978 927 3027; x_wconf 90' lang='lat' dir='ltr'>ita</span> <span class='ocrx_word' id='word_1_264' title='bbox 952 2981 1011 3027; x_wconf 91' lang='lat' dir='ltr'>ut</span> <span class='ocrx_word' id='word_1_265' title='bbox 1037 2981 1188 3027; x_wconf 89' lang='lat' dir='ltr'>erant</span> <span class='ocrx_word' id='word_1_266' title='bbox 1224 2976 1400 3042; x_wconf 88' lang='lat' dir='ltr'>posita</span> <span class='ocrx_word' id='word_1_267' title='bbox 1436 2974 1761 3042; x_wconf 89' lang='lat' dir='ltr'>relinquens,</span> <span class='ocrx_word' id='word_1_268' title='bbox 1800 2977 1903 3026; x_wconf 87' lang='lat' dir='ltr'>hoc</span> <span class='ocrx_word' id='word_1_269' title='bbox 1929 2981 2139 3027; x_wconf 86' lang='lat' dir='ltr'>vestrae</span> <span class='ocrx_word' id='word_1_270' title='bbox 2169 2975 2472 3028; x_wconf 88' lang='lat' dir='ltr'>celsitudini</span> <span class='ocrx_word' id='word_1_271' title='bbox 2504 2974 2795 3042; x_wconf 86' lang='lat' dir='ltr'>legendum</span> 
     </span>
     <span class='ocr_line' id='line_1_32' title="bbox 560 3048 2795 3116; baseline -0.001 -15"><span class='ocrx_word' id='word_1_272' title='bbox 560 3050 958 3116; x_wconf 75' lang='lat' dir='ltr'>conpendiume</span> <span class='ocrx_word' id='word_1_273' title='bbox 996 3049 1193 3112; x_wconf 90' lang='lat' dir='ltr'>obtuli;</span> <span class='ocrx_word' id='word_1_274' title='bbox 1231 3049 1288 3099; x_wconf 91' lang='lat' dir='ltr'>in</span> <span class='ocrx_word' id='word_1_275' title='bbox 1329 3049 1478 3099; x_wconf 91' lang='lat' dir='ltr'>cuius</span> <span class='ocrx_word' id='word_1_276' title='bbox 1516 3050 1671 3113; x_wconf 82' lang='lat' dir='ltr'>serie,</span> <span class='ocrx_word' id='word_1_277' title='bbox 1723 3050 1769 3100; x_wconf 85' lang='lat' dir='ltr'>si</span> <span class='ocrx_word' id='word_1_278' title='bbox 1806 3053 1986 3099; x_wconf 90' lang='lat' dir='ltr'>tamen</span> <span class='ocrx_word' id='word_1_279' title='bbox 2033 3049 2232 3101; x_wconf 90' lang='lat' dir='ltr'>lectum</span> <span class='ocrx_word' id='word_1_280' title='bbox 2269 3051 2348 3100; x_wconf 89' lang='lat' dir='ltr'>ire</span> <span class='ocrx_word' id='word_1_281' title='bbox 2386 3065 2494 3101; x_wconf 87' lang='lat' dir='ltr'>non</span> <span class='ocrx_word' id='word_1_282' title='bbox 2533 3048 2795 3115; x_wconf 88' lang='lat' dir='ltr'>dedigna-</span> 
     </span>
     <span class='ocr_line' id='line_1_33' title="bbox 557 3120 2795 3190; baseline -0 -16"><span class='ocrx_word' id='word_1_283' title='bbox 557 3124 759 3187; x_wconf 90' lang='lat' dir='ltr'>bimini,</span> <span class='ocrx_word' id='word_1_284' title='bbox 799 3121 1065 3190; x_wconf 84' lang='lat' dir='ltr'>quaedam</span> <span class='ocrx_word' id='word_1_285' title='bbox 1103 3120 1398 3173; x_wconf 89' lang='lat' dir='ltr'>secundum</span> <span class='ocrx_word' id='word_1_286' title='bbox 1436 3126 1634 3185; x_wconf 86' lang='lat' dir='ltr'>artem,</span> <span class='ocrx_word' id='word_1_287' title='bbox 1687 3120 1952 3188; x_wconf 84' lang='lat' dir='ltr'>quaedam</span> <span class='ocrx_word' id='word_1_288' title='bbox 1998 3123 2146 3174; x_wconf 85' lang='lat' dir='ltr'>iuxta</span> <span class='ocrx_word' id='word_1_289' title='bbox 2185 3122 2587 3189; x_wconf 81' lang='lat' dir='ltr'>ethimologiam</span> <span class='ocrx_word' id='word_1_290' title='bbox 2617 3123 2795 3189; x_wconf 86' lang='lat' dir='ltr'>posita</span> 
     </span>
     <span class='ocr_line' id='line_1_34' title="bbox 556 3195 2798 3262; baseline -0 -16"><span class='ocrx_word' id='word_1_291' title='bbox 556 3212 663 3248; x_wconf 90' lang='lat' dir='ltr'>non</span> <span class='ocrx_word' id='word_1_292' title='bbox 700 3196 1141 3247; x_wconf 85' lang='lat' dir='ltr'>inconvenienter</span> <span class='ocrx_word' id='word_1_293' title='bbox 1175 3196 1478 3257; x_wconf 85' lang='lat' dir='ltr'>invenietis,</span> <span class='ocrx_word' id='word_1_294' title='bbox 1534 3200 1588 3245; x_wconf 93' lang='lat' dir='ltr'>et</span> <span class='ocrx_word' id='word_1_295' title='bbox 1633 3197 1924 3262; x_wconf 85' lang='lat' dir='ltr'>praecipue</span> <span class='ocrx_word' id='word_1_296' title='bbox 1965 3196 2195 3247; x_wconf 85' lang='lat' dir='ltr'>civitatis</span> <span class='ocrx_word' id='word_1_297' title='bbox 2233 3200 2446 3248; x_wconf 87' lang='lat' dir='ltr'>vestrae</span> <span class='ocrx_word' id='word_1_298' title='bbox 2482 3195 2798 3260; x_wconf 86' lang='lat' dir='ltr'>Romuleae,</span> 
     </span>
     <span class='ocr_line' id='line_1_35' title="bbox 558 3268 2791 3337; baseline -0 -16"><span class='ocrx_word' id='word_1_299' title='bbox 558 3274 845 3337; x_wconf 83' lang='lat' dir='ltr'>portarum,</span> <span class='ocrx_word' id='word_1_300' title='bbox 882 3270 1105 3331; x_wconf 83' lang='lat' dir='ltr'>viarum,</span> <span class='ocrx_word' id='word_1_301' title='bbox 1145 3269 1420 3330; x_wconf 90' lang='lat' dir='ltr'>montium,</span> <span class='ocrx_word' id='word_1_302' title='bbox 1471 3268 1712 3319; x_wconf 88' lang='lat' dir='ltr'>locorum</span> <span class='ocrx_word' id='word_1_303' title='bbox 1750 3269 2090 3334; x_wconf 81' lang='lat' dir='ltr'>tribuumque</span> <span class='ocrx_word' id='word_1_304' title='bbox 2126 3269 2394 3321; x_wconf 83' lang='lat' dir='ltr'>vocabula</span> <span class='ocrx_word' id='word_1_305' title='bbox 2436 3270 2636 3321; x_wconf 85' lang='lat' dir='ltr'>diserta</span> <span class='ocrx_word' id='word_1_306' title='bbox 2672 3285 2791 3335; x_wconf 88' lang='lat' dir='ltr'>rep·</span> 
     </span>
     <span class='ocr_line' id='line_1_36' title="bbox 558 3340 2791 3409; baseline 0 -16"><span class='ocrx_word' id='word_1_307' title='bbox 558 3344 801 3409; x_wconf 86' lang='lat' dir='ltr'>perietis,</span> <span class='ocrx_word' id='word_1_308' title='bbox 849 3343 980 3393; x_wconf 86' lang='lat' dir='ltr'>ritus</span> <span class='ocrx_word' id='word_1_309' title='bbox 1032 3345 1314 3408; x_wconf 87' lang='lat' dir='ltr'>praeterea</span> <span class='ocrx_word' id='word_1_310' title='bbox 1362 3340 1643 3407; x_wconf 89' lang='lat' dir='ltr'>gentilium</span> <span class='ocrx_word' id='word_1_311' title='bbox 1692 3346 1745 3392; x_wconf 91' lang='lat' dir='ltr'>et</span> <span class='ocrx_word' id='word_1_312' title='bbox 1802 3341 2214 3394; x_wconf 84' lang='lat' dir='ltr'>consuetudines</span> <span class='ocrx_word' id='word_1_313' title='bbox 2269 3344 2472 3406; x_wconf 86' lang='lat' dir='ltr'>varias,</span> <span class='ocrx_word' id='word_1_314' title='bbox 2530 3341 2791 3394; x_wconf 84' lang='lat' dir='ltr'>dictiones</span> 
     </span>
     <span class='ocr_line' id='line_1_37' title="bbox 560 3409 2792 3482; baseline 0 -16"><span class='ocrx_word' id='word_1_315' title='bbox 560 3431 771 3482; x_wconf 88' lang='lat' dir='ltr'>quoque</span> <span class='ocrx_word' id='word_1_316' title='bbox 809 3409 1108 3482; x_wconf 64' lang='lat' dir='ltr'>poematis?</span> <span class='ocrx_word' id='word_1_317' title='bbox 1160 3418 1215 3465; x_wconf 91' lang='lat' dir='ltr'>et</span> <span class='ocrx_word' id='word_1_318' title='bbox 1250 3414 1694 3482; x_wconf 84' lang='lat' dir='ltr'>historiographis</span> <span class='ocrx_word' id='word_1_319' title='bbox 1739 3414 2057 3476; x_wconf 86' lang='lat' dir='ltr'>familiares,</span> <span class='ocrx_word' id='word_1_320' title='bbox 2109 3430 2241 3480; x_wconf 84' lang='lat' dir='ltr'>quas</span> <span class='ocrx_word' id='word_1_321' title='bbox 2279 3417 2335 3465; x_wconf 91' lang='lat' dir='ltr'>in</span> <span class='ocrx_word' id='word_1_322' title='bbox 2371 3416 2482 3466; x_wconf 88' lang='lat' dir='ltr'>suis</span> <span class='ocrx_word' id='word_1_323' title='bbox 2520 3414 2792 3482; x_wconf 87' lang='lat' dir='ltr'>opusculis</span> 
     </span>
     <span class='ocr_line' id='line_1_38' title="bbox 558 3486 2792 3555; baseline -0 -16"><span class='ocrx_word' id='word_1_324' title='bbox 558 3489 888 3555; x_wconf 84' lang='lat' dir='ltr'>frequentius</span> <span class='ocrx_word' id='word_1_325' title='bbox 939 3502 1185 3555; x_wconf 87' lang='lat' dir='ltr'>posuere.</span> <span class='ocrx_word' id='word_1_326' title='bbox 1264 3486 1420 3550; x_wconf 81' lang='lat' dir='ltr'>Quod</span> <span class='ocrx_word' id='word_1_327' title='bbox 1460 3488 1768 3554; x_wconf 83' lang='lat' dir='ltr'>exiguitatis</span> <span class='ocrx_word' id='word_1_328' title='bbox 1816 3503 1967 3539; x_wconf 89' lang='lat' dir='ltr'>meae</span> <span class='ocrx_word' id='word_1_329' title='bbox 2017 3488 2384 3539; x_wconf 90' lang='lat' dir='ltr'>munusculum</span> <span class='ocrx_word' id='word_1_330' title='bbox 2433 3490 2479 3539; x_wconf 88' lang='lat' dir='ltr'>si</span> <span class='ocrx_word' id='word_1_331' title='bbox 2531 3503 2699 3554; x_wconf 83' lang='lat' dir='ltr'>sagax</span> <span class='ocrx_word' id='word_1_332' title='bbox 2738 3491 2792 3538; x_wconf 88' lang='lat' dir='ltr'>et</span> 
     </span>
     <span class='ocr_line' id='line_1_39' title="bbox 559 3555 2791 3628; baseline -0 -15"><span class='ocrx_word' id='word_1_333' title='bbox 559 3562 1004 3614; x_wconf 73' lang='lat' dir='ltr'>subtilissimums</span> <span class='ocrx_word' id='word_1_334' title='bbox 1052 3566 1285 3613; x_wconf 88' lang='lat' dir='ltr'>vestrum</span> <span class='ocrx_word' id='word_1_335' title='bbox 1323 3562 1600 3626; x_wconf 83' lang='lat' dir='ltr'>ingenium</span> <span class='ocrx_word' id='word_1_336' title='bbox 1637 3576 1743 3612; x_wconf 91' lang='lat' dir='ltr'>non</span> <span class='ocrx_word' id='word_1_337' title='bbox 1781 3555 2209 3627; x_wconf 76' lang='lat' dir='ltr'>usquequaque¹¹</span> <span class='ocrx_word' id='word_1_338' title='bbox 2249 3559 2565 3628; x_wconf 87' lang='lat' dir='ltr'>reppulerit,</span> <span class='ocrx_word' id='word_1_339' title='bbox 2619 3562 2791 3612; x_wconf 91' lang='lat' dir='ltr'>tenui·</span> 
     </span>
     <span class='ocr_line' id='line_1_40' title="bbox 556 3633 1988 3701; baseline -0.001 -16"><span class='ocrx_word' id='word_1_340' title='bbox 556 3640 722 3687; x_wconf 84' lang='lat' dir='ltr'>tatem</span> <span class='ocrx_word' id='word_1_341' title='bbox 760 3651 934 3687; x_wconf 89' lang='lat' dir='ltr'>meam</span> <span class='ocrx_word' id='word_1_342' title='bbox 971 3636 1085 3685; x_wconf 84' lang='lat' dir='ltr'>vita</span> <span class='ocrx_word' id='word_1_343' title='bbox 1123 3636 1320 3685; x_wconf 87' lang='lat' dir='ltr'>comite</span> <span class='ocrx_word' id='word_1_344' title='bbox 1357 3633 1429 3685; x_wconf 88' lang='lat' dir='ltr'>ad</span> <span class='ocrx_word' id='word_1_345' title='bbox 1467 3635 1677 3701; x_wconf 90' lang='lat' dir='ltr'>potiora</span> <span class='ocrx_word' id='word_1_346' title='bbox 1715 3634 1988 3684; x_wconf 84' lang='lat' dir='ltr'>excitabit.</span> 
     </span>
    </p>

    <p class='ocr_par' dir='ltr' id='par_1_11' title="bbox 740 3705 1285 3760">
     <span class='ocr_line' id='line_1_41' title="bbox 740 3705 1285 3760; baseline 0 -3"><span class='ocrx_word' id='word_1_347' title='bbox 740 3705 1034 3760; x_wconf 81' lang='lat' dir='ltr'>Adduntur</span> <span class='ocrx_word' id='word_1_348' title='bbox 1071 3722 1255 3759; x_wconf 80' lang='lat' dir='ltr'>versus</span> <span class='ocrx_word' id='word_1_349' title='bbox 1268 3725 1285 3757; x_wconf 91' lang='lat'>.·</span> 
     </span>
    </p>

    <p class='ocr_par' dir='ltr' id='par_1_12' title="bbox 549 3778 2788 4281">
     <span class='ocr_line' id='line_1_42' title="bbox 940 3778 2409 3847; baseline -0.002 -13"><span class='ocrx_word' id='word_1_350' title='bbox 940 3779 1112 3834; x_wconf 88' lang='lat' dir='ltr'>Multa</span> <span class='ocrx_word' id='word_1_351' title='bbox 1148 3778 1284 3845; x_wconf 86' lang='lat' dir='ltr'>legit</span> <span class='ocrx_word' id='word_1_352' title='bbox 1319 3780 1507 3846; x_wconf 88' lang='lat' dir='ltr'>paucis</span> <span class='ocrx_word' id='word_1_353' title='bbox 1546 3782 1638 3846; x_wconf 91' lang='lat' dir='ltr'>qui</span> <span class='ocrx_word' id='word_1_354' title='bbox 1674 3778 1868 3831; x_wconf 90' lang='lat' dir='ltr'>librum</span> <span class='ocrx_word' id='word_1_355' title='bbox 1905 3778 2185 3847; x_wconf 87' lang='lat' dir='ltr'>praedicat</span> <span class='ocrx_word' id='word_1_356' title='bbox 2219 3780 2409 3843; x_wconf 89' lang='lat' dir='ltr'>istum;</span> 
     </span>
     <span class='ocr_line' id='line_1_43' title="bbox 1068 3852 2203 3920; baseline 0.002 -19"><span class='ocrx_word' id='word_1_357' title='bbox 1068 3852 1192 3903; x_wconf 89' lang='lat' dir='ltr'>Hoc</span> <span class='ocrx_word' id='word_1_358' title='bbox 1232 3868 1415 3904; x_wconf 84' lang='lat' dir='ltr'>servus</span> <span class='ocrx_word' id='word_1_359' title='bbox 1453 3852 1602 3915; x_wconf 85' lang='lat' dir='ltr'>fecit,</span> <span class='ocrx_word' id='word_1_360' title='bbox 1640 3852 1840 3904; x_wconf 89' lang='lat' dir='ltr'>Karolo</span> <span class='ocrx_word' id='word_1_361' title='bbox 1881 3868 2025 3920; x_wconf 87' lang='lat' dir='ltr'>rege,</span> <span class='ocrx_word' id='word_1_362' title='bbox 2064 3858 2203 3904; x_wconf 88' lang='lat' dir='ltr'>tuus.</span> 
     </span>
     <span class='ocr_line' id='line_1_44' title="bbox 943 3923 2363 3993; baseline 0.001 -18"><span class='ocrx_word' id='word_1_363' title='bbox 943 3924 1035 3975; x_wconf 85' lang='lat' dir='ltr'>Sic</span> <span class='ocrx_word' id='word_1_364' title='bbox 1073 3939 1181 3975; x_wconf 89' lang='lat' dir='ltr'>una</span> <span class='ocrx_word' id='word_1_365' title='bbox 1219 3940 1285 3975; x_wconf 82' lang='lat' dir='ltr'>ex</span> <span class='ocrx_word' id='word_1_366' title='bbox 1321 3923 1501 3976; x_wconf 85' lang='lat' dir='ltr'>multis</span> <span class='ocrx_word' id='word_1_367' title='bbox 1539 3940 1679 3975; x_wconf 90' lang='lat' dir='ltr'>nunc</span> <span class='ocrx_word' id='word_1_368' title='bbox 1716 3924 1812 3975; x_wconf 87' lang='lat' dir='ltr'>fiat</span> <span class='ocrx_word' id='word_1_369' title='bbox 1849 3926 2085 3977; x_wconf 84' lang='lat' dir='ltr'>ecclesia</span> <span class='ocrx_word' id='word_1_370' title='bbox 2121 3925 2363 3993; x_wconf 87' lang='lat' dir='ltr'>templis;</span> 
     </span>
     <span class='ocr_line' id='line_1_45' title="bbox 1070 3996 2181 4065; baseline 0.003 -19"><span class='ocrx_word' id='word_1_371' title='bbox 1070 3997 1180 4047; x_wconf 88' lang='lat' dir='ltr'>Det</span> <span class='ocrx_word' id='word_1_372' title='bbox 1216 3996 1398 4047; x_wconf 82' lang='lat' dir='ltr'>David</span> <span class='ocrx_word' id='word_1_373' title='bbox 1435 3998 1576 4048; x_wconf 81' lang='lat' dir='ltr'>vires</span> <span class='ocrx_word' id='word_1_374' title='bbox 1614 3998 1826 4049; x_wconf 87' lang='lat' dir='ltr'>scilicet</span> <span class='ocrx_word' id='word_1_375' title='bbox 1859 3999 1977 4065; x_wconf 84' lang='lat' dir='ltr'>ipse</span> <span class='ocrx_word' id='word_1_376' title='bbox 2014 4000 2181 4050; x_wconf 88' lang='lat' dir='ltr'>Deus.</span> 
     </span>
     <span class='ocr_line' id='line_1_46' title="bbox 558 4067 2788 4137; baseline -0.001 -17"><span class='ocrx_word' id='word_1_377' title='bbox 558 4070 697 4121; x_wconf 90' lang='lat' dir='ltr'>Urbs</span> <span class='ocrx_word' id='word_1_378' title='bbox 733 4068 995 4120; x_wconf 86' lang='lat' dir='ltr'>Romulea</span> <span class='ocrx_word' id='word_1_379' title='bbox 1045 4068 1203 4121; x_wconf 81' lang='lat' dir='ltr'>etiam</span> <span class='ocrx_word' id='word_1_380' title='bbox 1237 4068 1380 4119; x_wconf 83' lang='lat' dir='ltr'>Hist.</span> <span class='ocrx_word' id='word_1_381' title='bbox 1419 4067 1594 4137; x_wconf 74' lang='lat' dir='ltr'>Lanq.</span> <span class='ocrx_word' id='word_1_382' title='bbox 1638 4068 1731 4132; x_wconf 91' lang='lat' dir='ltr'>II,</span> <span class='ocrx_word' id='word_1_383' title='bbox 1785 4071 1871 4124; x_wconf 85' lang='grc'><strong>23.</strong></span> <span class='ocrx_word' id='word_1_384' title='bbox 1912 4079 1959 4122; x_wconf 80' lang='lat' dir='ltr'>et</span> <span class='ocrx_word' id='word_1_385' title='bbox 2000 4069 2064 4122; x_wconf 73' lang='lat' dir='ltr'>G.</span> <span class='ocrx_word' id='word_1_386' title='bbox 2104 4071 2251 4122; x_wconf 83' lang='lat' dir='ltr'>Mett.</span> <span class='ocrx_word' id='word_1_387' title='bbox 2288 4086 2343 4134; x_wconf 83' lang='lat' dir='ltr'>p.</span> <span class='ocrx_word' id='word_1_388' title='bbox 2384 4068 2505 4119; x_wconf 81' lang='lat'>265.</span> <span class='ocrx_word' id='word_1_389' title='bbox 2560 4068 2756 4119; x_wconf 84' lang='lat' dir='ltr'>dicitur</span> <span class='ocrx_word' id='word_1_390' title='bbox 2769 4087 2788 4130; x_wconf 86' lang='lat'>,-</span> 
     </span>
     <span class='ocr_line' id='line_1_47' title="bbox 561 4140 2788 4208; baseline 0 -15"><span class='ocrx_word' id='word_1_391' title='bbox 561 4146 824 4193; x_wconf 87' lang='lat' dir='ltr'>extremus</span> <span class='ocrx_word' id='word_1_392' title='bbox 862 4142 915 4192; x_wconf 90' lang='lat' dir='ltr'>b.</span> <span class='ocrx_word' id='word_1_393' title='bbox 955 4142 1240 4194; x_wconf 88' lang='lat' dir='ltr'>Benedicti</span> <span class='ocrx_word' id='word_1_394' title='bbox 1277 4140 1517 4193; x_wconf 82' lang='lat' dir='ltr'>servulus</span> <span class='ocrx_word' id='word_1_395' title='bbox 1567 4142 1747 4194; x_wconf 80' lang='lat' dir='ltr'>scribit</span> <span class='ocrx_word' id='word_1_396' title='bbox 1784 4142 1987 4194; x_wconf 82' lang='lat' dir='ltr'>Paulus</span> <span class='ocrx_word' id='word_1_397' title='bbox 2025 4142 2084 4192; x_wconf 88' lang='lat' dir='ltr'>in</span> <span class='ocrx_word' id='word_1_398' title='bbox 2121 4140 2361 4202; x_wconf 77' lang='lat' dir='ltr'>homilia,</span> <span class='ocrx_word' id='word_1_399' title='bbox 2416 4140 2597 4208; x_wconf 74' lang='lat' dir='ltr'>Miqne</span> <span class='ocrx_word' id='word_1_400' title='bbox 2622 4140 2788 4206; x_wconf 75' lang='lat' dir='ltr'>XCV,</span> 
     </span>
     <span class='ocr_line' id='line_1_48' title="bbox 549 4213 2431 4281; baseline -0.002 -14"><span class='ocrx_word' id='word_1_401' title='bbox 549 4232 612 4281; x_wconf 88' lang='lat' dir='ltr'>p.</span> <span class='ocrx_word' id='word_1_402' title='bbox 644 4215 804 4266; x_wconf 83' lang='grc'><strong>1577.</strong></span> <span class='ocrx_word' id='word_1_403' title='bbox 845 4241 911 4252; x_wconf 90' lang='grc'>-</span> <span class='ocrx_word' id='word_1_404' title='bbox 952 4213 1036 4265; x_wconf 89' lang='lat' dir='ltr'>De</span> <span class='ocrx_word' id='word_1_405' title='bbox 1075 4215 1265 4281; x_wconf 84' lang='lat' dir='ltr'>optimo</span> <span class='ocrx_word' id='word_1_406' title='bbox 1304 4214 1419 4266; x_wconf 81' lang='lat' dir='ltr'>cod.</span> <span class='ocrx_word' id='word_1_407' title='bbox 1458 4214 1637 4267; x_wconf 80' lang='lat' dir='ltr'>Paris.</span> <span class='ocrx_word' id='word_1_408' title='bbox 1668 4214 1768 4267; x_wconf 83' lang='lat' dir='ltr'>Nr.</span> <span class='ocrx_word' id='word_1_409' title='bbox 1800 4216 1959 4266; x_wconf 85' lang='grc'><strong>7662.</strong></span> <span class='ocrx_word' id='word_1_410' title='bbox 2000 4232 2049 4265; x_wconf 91' lang='grc' dir='ltr'><strong>υ.</strong></span> <span class='ocrx_word' id='word_1_411' title='bbox 2076 4214 2148 4266; x_wconf 84' lang='lat' dir='ltr'>ib.</span> <span class='ocrx_word' id='word_1_412' title='bbox 2177 4231 2238 4280; x_wconf 87' lang='lat' dir='ltr'>p.</span> <span class='ocrx_word' id='word_1_413' title='bbox 2270 4214 2431 4263; x_wconf 82' lang='grc'><strong>1704.</strong></span> 
     </span>
    </p>
   </div>
   <div class='ocr_carea' id='block_1_7' title="bbox 559 4310 2792 4426">
    <p class='ocr_par' dir='ltr' id='par_1_13' title="bbox 559 4310 2792 4426">
     <span class='ocr_line' id='line_1_49' title="bbox 559 4310 2792 4365; baseline 0 -12"><span class='ocrx_word' id='word_1_414' title='bbox 559 4310 605 4365; x_wconf 87' lang='lat' dir='ltr'>a)</span> <span class='ocrx_word' id='word_1_415' title='bbox 638 4313 747 4353; x_wconf 73' lang='lat' dir='ltr'>deese</span> <span class='ocrx_word' id='word_1_416' title='bbox 779 4313 844 4356; x_wconf 78' lang='lat' dir='ltr'>cd.</span> <span class='ocrx_word' id='word_1_417' title='bbox 993 4313 1040 4365; x_wconf 89' lang='lat' dir='ltr'>b)</span> <span class='ocrx_word' id='word_1_418' title='bbox 1075 4314 1260 4356; x_wconf 82' lang='lat' dir='ltr'>domino</span> <span class='ocrx_word' id='word_1_419' title='bbox 1293 4316 1392 4365; x_wconf 79' lang='lat' dir='ltr'>regi</span> <span class='ocrx_word' id='word_1_420' title='bbox 1424 4315 1476 4357; x_wconf 82' lang='lat' dir='ltr'>C.</span> <span class='ocrx_word' id='word_1_421' title='bbox 1511 4315 1573 4355; x_wconf 80' lang='lat' dir='ltr'>ed.</span> <span class='ocrx_word' id='word_1_422' title='bbox 1712 4313 1753 4365; x_wconf 87' lang='lat' dir='ltr'>c)</span> <span class='ocrx_word' id='word_1_423' title='bbox 1786 4315 1949 4355; x_wconf 82' lang='lat' dir='ltr'>Festus</span> <span class='ocrx_word' id='word_1_424' title='bbox 1981 4314 2044 4353; x_wconf 81' lang='lat' dir='ltr'>ed.</span> <span class='ocrx_word' id='word_1_425' title='bbox 2179 4312 2225 4364; x_wconf 83' lang='lat' dir='ltr'>d)</span> <span class='ocrx_word' id='word_1_426' title='bbox 2259 4313 2371 4353; x_wconf 74' lang='lat' dir='ltr'>deest</span> <span class='ocrx_word' id='word_1_427' title='bbox 2402 4314 2466 4356; x_wconf 77' lang='lat' dir='ltr'>cd.</span> <span class='ocrx_word' id='word_1_428' title='bbox 2591 4312 2633 4364; x_wconf 91' lang='lat' dir='ltr'>e)</span> <span class='ocrx_word' id='word_1_429' title='bbox 2669 4322 2792 4353; x_wconf 87' lang='lat' dir='ltr'>com-</span> 
     </span>
     <span class='ocr_line' id='line_1_50' title="bbox 559 4371 2258 4426; baseline 0 -14"><span class='ocrx_word' id='word_1_430' title='bbox 559 4373 728 4422; x_wconf 84' lang='lat' dir='ltr'>pendio</span> <span class='ocrx_word' id='word_1_431' title='bbox 760 4374 824 4415; x_wconf 81' lang='lat' dir='ltr'>cd.</span> <span class='ocrx_word' id='word_1_432' title='bbox 943 4371 979 4424; x_wconf 77' lang='lat' dir='ltr'>f)</span> <span class='ocrx_word' id='word_1_433' title='bbox 1012 4375 1162 4424; x_wconf 82' lang='lat' dir='ltr'>poetis</span> <span class='ocrx_word' id='word_1_434' title='bbox 1194 4374 1256 4416; x_wconf 80' lang='lat' dir='ltr'>cd.</span> <span class='ocrx_word' id='word_1_435' title='bbox 1381 4372 1427 4426; x_wconf 80' lang='lat' dir='ltr'>g)</span> <span class='ocrx_word' id='word_1_436' title='bbox 1461 4374 1769 4414; x_wconf 81' lang='lat' dir='ltr'>subtilismum</span> <span class='ocrx_word' id='word_1_437' title='bbox 1800 4384 1837 4417; x_wconf 80' lang='lat' dir='ltr'>c.</span> <span class='ocrx_word' id='word_1_438' title='bbox 1957 4372 2004 4425; x_wconf 87' lang='lat' dir='ltr'>h)</span> <span class='ocrx_word' id='word_1_439' title='bbox 2040 4382 2188 4421; x_wconf 73' lang='lat' dir='ltr'>quave</span> <span class='ocrx_word' id='word_1_440' title='bbox 2220 4383 2258 4412; x_wconf 87' lang='lat' dir='ltr'>c.</span> 
     </span>
    </p>
   </div>
   <div class='ocr_carea' id='block_1_8' title="bbox 3021 3395 3026 4003">
    <p class='ocr_par' dir='ltr' id='par_1_14' title="bbox 3021 3395 3026 4003">
     <span class='ocr_line' id='line_1_51' title="bbox 3021 3395 3026 4003; baseline 0 0"><span class='ocrx_word' id='word_1_441' title='bbox 3021 3395 3026 4003; x_wconf 95' lang='lat' dir='ltr'> </span> 
     </span>
    </p>
   </div>
  </div>
 </body>
</html>
