3042 4909
577 423 797 476 PAULI
835 424 1182 479 HISTORIA
1219 425 1885 480 LANGOBARDORUM.
1964 426 2106 478 LIB.
2144 428 2209 479 V.
2426 428 2527 478 181

298 592 488 672 enim,
533 612 678 655 eum
724 590 1282 656 clementissimum
1320 614 1477 657 esse.
1563 593 1770 678 Igitur
1811 613 1958 657 cum
2000 593 2084 657 ad
2125 590 2530 659 Laudensem

297 674 619 739 civitatem
661 675 956 754 venisset,
997 675 1171 742 misit
1211 683 1358 740 ante
1401 697 1469 739 se
1498 675 1582 740 ad
1614 675 2058 741 Grimualdum
2085 698 2303 762 regem
2331 675 2531 741 Unul-

296 756 478 821 fum⁸¹
522 758 644 822 sibi
688 756 1125 822 fidelissimum
1166 759 1427 841 virumb,
1473 760 1584 844 qui
1626 781 1811 823 suum
1842 761 1942 824 ei⁰
1985 759 2331 825 adventum
2372 783 2532 824 nun-

294 841 500 906 tiaret.
586 839 861 906 Unulfus
902 862 1058 905 vero
1075 842 1104 884 ‘¹
1160 841 1243 906 ad
1297 864 1365 907 re
1414 864 1516 907 em
1574 845 1854 923 veniens,
1903 842 2232 908 Perctarit·
2269 844 2335 906 in
2395 844 2529 908 eius

298 923 465 988 fide⁰
522 924 864 989 adventare
913 924 1247 990 nuntiavit.
1415 945 1528 990 aec
1572 925 1676 990 ille
1733 926 2019 1007 audiens,
2077 925 2347 991 fidenter
2432 949 2532 990 ro-

296 1007 489 1090 misit,
531 1007 599 1070 in
643 1029 758 1072 sua
801 1028 947 1072 eum
991 1007 1156 1072 fider
1206 1009 1566 1074 venientem
1607 1008 1766 1073 nihil
1806 1009 1957 1074 mali
1998 1030 2335 1095 passurum
2403 1031 2529 1075 ore.

296 1091 472 1155 Inter
511 1089 672 1155 haec
713 1091 1024 1155 Perctarit
1065 1091 1410 1157 adveniens
1424 1104 1472 1174 8,
1526 1093 1609 1157 ad
1654 1092 2101 1158 Grimualdum
2143 1093 2467 1177 ingressus
2480 1094 2528 1175 ¹¹,

301 1176 490 1238 *cum
546 1175 682 1238 eius
738 1196 806 1239 se
861 1174 1144 1260 vestigiis
1201 1174 1574 1240 advolverei
1636 1184 1901 1240 conatus
1957 1184 2152 1259 esset,
2209 1198 2328 1241 rex
2384 1198 2530 1241 eum

297 1255 639 1321 clementer
678 1259 953 1323 retenuit
993 1265 1186 1344 atque
1215 1258 1297 1323 ad
1326 1259 1561 1323 suumk
1596 1258 1881 1335 osculum
1911 1260 2133 1325 erexit.
2207 1259 2312 1323 Ad
2341 1281 2531 1346 quem

298 1340 635 1404 Perctarit:
679 1338 937 1405 ‘Servus
982 1343 1162 1405 tuus¹
1209 1344 1386 1423 sum',
1429 1342 1667 1441 inquit3
1715 1344 1943 1408 ‘sciens
1987 1351 2049 1408 te
2093 1342 2530 1407 christianissi-

292 1435 516 1486 mumm
560 1430 623 1488 et
649 1424 829 1509 pium
860 1445 1015 1505 esse,
1062 1446 1208 1489 cum
1252 1426 1493 1511 possim
1523 1435 1687 1490 mter
1722 1447 2015 1539 paganos
2056 1427 2291 1508 vivere,
2335 1426 2532 1491 fretus

294 1506 376 1571 de
434 1514 545 1571 tua
595 1505 928 1571 clementia
968 1506 1053 1571 ad
1095 1516 1207 1572 tua
1263 1510 1539 1607 vestigia
1592 1531 1776 1574 vem.
1865 1509 1988 1576 Oui
2044 1532 2187 1593 rex,
2249 1519 2320 1573 ut
2376 1508 2533 1573 sole-

296 1589 467 1671 bat¹¹‚
529 1588 936 1655 iureiurando
979 1591 1070 1654 ita
1110 1594 1513 1676 repromis1t⁰
1560 1592 1809 1657 dicens:
1884 1594 2028 1657 ‘Per
2084 1614 2229 1657 eum
2274 1593 2385 1678 qui
2427 1615 2531 1656 me

296 1673 474 1736 nasci
514 1672 667 1738 fecit
727 1682 1068 1761 postquam
1110 1675 1179 1737 in
1207 1696 1416 1739 meam
1459 1675 1650 1740 fidem
1669 1688 1697 1730 Ρ
1728 1675 1812 1740 ad
1841 1690 1943 1741 me
1986 1676 2233 1758 venisti,
2277 1675 2436 1739 nihil
2463 1677 2531 1739 in

294 1754 511 1841 aliquo
554 1721 710 1821 maii
750 1758 1029 1842 patieris,
1074 1757 1188 1821 sed
1229 1758 1318 1822 ita
1359 1768 1422 1823 te
1478 1759 1785 1825 ordinabo
1850 1770 1923 1825 ut
1964 1760 2262 1824 decenter
2315 1759 2531 1823 vivere

291 1837 537 1925 possis'.
624 1839 805 1904 Tunc
850 1841 953 1905 ei‘l
1004 1841 1072 1904 in
1130 1842 1424 1926 spaciosa
1487 1842 1719 1907 domo‘
1781 1807 2128 1928 iiospitium
2191 1840 2529 1928 praebens,

296 1944 445 1987 eum
488 1931 635 2009 post
675 1924 854 1988 viae⁸
899 1922 1181 1990 laborem
1227 1922 1462 1990 habere
1505 1926 1794 2012 requiem
1835 1926 2051 2008 iussit;
2110 1926 2528 2011 praecipiens,

294 2006 502 2072 eidem
531 2028 614 2070 ex
642 2005 902 2092 publico
944 2008 1220 2072 victum*
1249 2017 1312 2072 et
1341 2030 1630 2094 quaeque
1660 2018 1871 2074 essent
1896 2010 2257 2074 necessaria
2295 2006 2530 2093 largius

292 2090 656 2155 ministrari.
762 2091 1074 2155 Perctarit
1122 2112 1277 2155 vero
1330 2113 1476 2154 cum
1526 2090 1610 2155 ad
1660 2091 2006 2178 hospitium
2070 2091 2192 2157 sibi
2244 2113 2284 2155 a
2329 2113 2481 2175 rege
2499 2103 2528 2133 ¹¹

293 2182 742 2258 praeparatum
783 2174 1084 2255 venisset,
1126 2195 1280 2238 mox
1323 2174 1407 2238 ad
1449 2196 1597 2239 eum
1626 2174 2062 2240 Ticinensium
2106 2174 2346 2238 civium
2389 2194 2529 2238 coe-

294 2264 526 2340 perunt
566 2264 810 2321 turmae
855 2278 1261 2340 concurrere,
1320 2266 1393 2321 ut
1432 2279 1581 2321 eum
1622 2257 1727 2323 vel
1774 2257 2064 2322 viderent
2104 2256 2207 2321 vel
2261 2257 2530 2342 pristina

290 2339 514 2404 notitia
556 2340 879 2425 cognitum
923 2338 1287 2404 salutarent.
1386 2341 1630 2405 Verum
1689 2340 1845 2426 quid
1900 2362 2031 2404 non
2088 2338 2256 2404 mala
2306 2339 2395 2403 lin
2443 2362 2528 2404 ua

289 2422 651 2508 inrumpere
741 2423 950 2489 otest?
1009 2424 1169 2488 Mox
1206 2445 1484 2509 namque
1526 2424 1849 2489 venientes
1878 2422 1963 2487 ad
2003 2445 2222 2509 regem
2265 2424 2373 2510 qui
2420 2445 2525 2487 am

288 2505 551 2592 maligni
594 2446 968 2586 adcfiatores,
1010 2507 1150 2592 regi
1180 2507 1575 2589 denuntiant,
1622 2508 1793 2593 quia,
1834 2507 1957 2571 nisi
1984 2507 2297 2572 Perctarit
2339 2506 2525 2571 citius

286 2589 421 2653 vita
485 2592 839 2675 privaretv,
904 2589 928 2653 i
977 2611 1045 2654 se
1105 2612 1375 2674 regnum
1445 2592 1738 2675 protinus
1803 2611 1950 2654 cum
2005 2590 2139 2654 vita
2198 2589 2523 2689 perderet3

286 2672 730 2739 adseverantes
794 2695 829 2737 o
930 2613 1055 2737 Eoo
1103 2672 1188 2738 ad
1237 2694 1385 2737 eum
1433 2682 1633 2738 totam
1698 2686 2124 2739 concurrerew
2181 2673 2522 2738 civitatem.

287 2755 411 2820 His
453 2757 686 2821 auditis
718 2721 1053 2821 Grimuald
1080 2756 1349 2821 nimium
1393 2754 1691 2821 credulus
1733 2758 2014 2838 effectus,
2059 2766 2124 2822 et
2166 2756 2337 2843 quod
2378 2777 2523 2841 pro-

286 2839 547 2904 miserat
589 2837 844 2922 oblitus,
886 2840 955 2903 in
995 2839 1396 2905 innocentis¹
1423 2841 1738 2905 Perctarit
1778 2841 1992 2905 statim
2032 2861 2258 2905 necem
2299 2861 2523 2905 accen·

288 2922 485 3005 ditur,
544 2921 1006 3009 consiliumque
1069 2924 1210 2987 iniit
1222 2935 1274 3005 Y,
1339 2922 1611 3009 qualiter
1672 2947 1852 3007 eum,
1962 2924 2109 2988 uiaz
2173 2924 2303 2988 iam
2364 2923 2524 2987 hora

285 3006 526 3070 tardior
589 3016 725 3071 erat
740 3054 757 3088 ,
819 3008 888 3069 in
954 3008 1226 3071 crastino
1283 3007 1456 3070 vitan
1517 3007 1817 3093 privaret.
1980 3008 2048 3070 ui
2112 3007 2387 3092 denique
2441 3006 2524 3071 ad

283 3110 621 3187 vesperam
665 3089 950 3154 diversos
994 3089 1189 3171 cibos,
1244 3090 1440 3154 vinab
1486 3111 1744 3176 quoque
1831 3092 2175 3178 raecipua⁰
2218 3091 2523 3175 variaque

282 3181 617 3258 potionum
657 3194 894 3258 genera
934 3173 1302 3255 transmisit,
1353 3173 1470 3237 ut‘l
1513 3195 1661 3238 eum
1701 3175 1805 3239 ine
1852 3175 2056 3239 riare⁰
2100 3175 2321 3261 possit,
2372 3194 2524 3259 qua-

289 3373 337 3428 e.)
369 3376 627 3418 Hunulfum
672 3377 867 3428 plerique
911 3378 969 3419 D.
1002 3378 1044 3419 G
1075 3374 1134 3420 ·5.
1167 3379 1212 3419 H
1244 3378 1284 3420 5.
1316 3379 1338 3418 1
1373 3381 1411 3420 1.
1563 3376 1612 3429 b)
1643 3379 1753 3419 dem
1797 3380 1852 3421 Β.
1884 3379 1937 3421 F.
1973 3377 2027 3420 G.
2182 3375 2225 3430 c)
2257 3378 2356 3419 eius
2389 3377 2425 3419 Ο
2456 3374 2519 3420 ’1.

288 3434 325 3474 F
357 3436 400 3476 4.
436 3435 502 3486 G3
532 3436 604 3476 eui
635 3437 734 3476 eius
765 3436 802 3476 F
837 3438 876 3479 1.
912 3435 960 3486 53
1005 3436 1094 3477 eibi
1121 3436 1162 3477 A
1194 3437 1236 3478 6.
1373 3434 1420 3487 d)
1453 3437 1563 3477 decet
1595 3437 1646 3478 Ο.
1678 3437 1737 3478 D.
1875 3436 1919 3488 e)
1951 3437 2087 3478 fldem
2126 3437 2165 3476 Β
2200 3439 2241 3477 1.
2278 3439 2347 3476 1⁸.
2379 3435 2431 3477 F.
2467 3436 2521 3477 G.

285 3492 311 3534 1
344 3495 385 3534 1.
418 3493 467 3544 83
497 3494 547 3533 iu
578 3495 785 3535 eiusdem
817 3496 1056 3536 servitium
1085 3495 1128 3535 A
1160 3496 1201 3536 6.
1322 3492 1361 3545 f)
1392 3495 1530 3536 fldem
1563 3494 1605 3535 G
1636 3495 1687 3545 83
1718 3505 1849 3535 sunm
1878 3495 2016 3536 fldem
2048 3493 2089 3535 G
2117 3495 2161 3536 4.
2282 3490 2329 3545 g)
2363 3494 2524 3535 adiens

285 3551 323 3591 F
354 3551 407 3602 ⁴3
438 3552 633 3593 audieus
667 3551 708 3595 G
741 3552 887 3605 (Inter
916 3564 1087 3593 erasum
1119 3551 1160 3595 G
1192 3550 1248 3604 2).
1368 3551 1416 3604 h)
1448 3553 1478 3594 1.
1511 3557 1582 3593 est
1610 3563 1805 3603 cumque
1834 3554 1872 3593 Β
1894 3555 1934 3596 1.
2053 3549 2088 3604 1)
2121 3552 2456 3599 advolveret?
2479 3555 2520 3595 1.

283 3607 335 3662 k)
369 3620 419 3650 os
449 3621 583 3651 suum
624 3612 926 3662 osculumque
958 3612 1008 3654 Ο.
1041 3612 1099 3652 D.
1219 3609 1257 3662 l)
1289 3610 1399 3651 decet
1431 3611 1466 3653 Ο
1499 3608 1570 3661 ’13
1612 3612 1678 3651 hio
1707 3611 1861 3651 desinit
1892 3612 1929 3651 F
1963 3612 2030 3661 1⁸,
2073 3610 2252 3660 reliquis
2280 3610 2523 3660 deperditis.

283 3666 349 3719 m)
383 3669 682 3709 christianum
713 3671 751 3710 Β
789 3671 827 3712 1.
862 3670 898 3712 Ο
930 3671 983 3721 23
1014 3674 1060 3711 et
1089 3669 1348 3721 piissimum
1380 3679 1421 3712 e.
1455 3674 1502 3710 et
1533 3681 1572 3711 c.
1602 3669 1643 3710 A
1675 3670 1716 3710 2.
1838 3667 1888 3721 n)
1922 3668 2133 3710 nolebat
2161 3670 2199 3709 Β
2236 3671 2282 3718 13
2315 3669 2524 3710 solvebat

285 3724 322 3767 Ο
356 3729 397 3767 1.
431 3726 471 3767 G
506 3728 554 3777 23
605 3737 639 3770 e.
674 3728 827 3769 lurare
857 3729 1055 3769 iurando
1085 3728 1128 3768 D
1165 3730 1233 3770 1ο..
1269 3729 1310 3769 2.
1341 3727 1393 3777 83
1439 3739 1476 3770 s.
1509 3728 1708 3768 iurando
1739 3726 1782 3767 G
1809 3728 1851 3770 ⁴.
1981 3726 2028 3778 o)
2058 3727 2271 3779 promisit
2299 3728 2340 3768 A
2373 3728 2424 3777 23
2454 3739 2523 3768 re·

283 3786 474 3835 spondit
502 3786 541 3825 B
577 3787 616 3827 1.
767 3784 818 3837 p)
850 3796 955 3827 mee.
984 3787 1121 3828 fldem
1151 3786 1188 3826 F
1220 3787 1273 3837 13
1321 3796 1475 3826 meam
1514 3787 1652 3827 fldem
1683 3797 1795 3825 corr.
1827 3795 1933 3826 mee.
1961 3786 2050 3827 fide
2081 3787 2124 3826 D
2161 3787 2200 3837 1,
2247 3790 2284 3825 οε
2314 3786 2378 3825 ita
2406 3787 2444 3826 Β
2475 3788 2519 3829 4.

285 3841 344 3886 G.
373 3843 396 3883 1
431 3844 473 3888 2.
621 3841 669 3895 q)
702 3844 771 3884 eie
800 3846 838 3885 Β
873 3848 914 3886 1.
945 3849 995 3889 F.
1028 3844 1092 3896 Gg
1138 3845 1247 3884 dem
1278 3844 1301 3884 1
1333 3846 1375 3885 1.
1527 3842 1568 3897 r)
1600 3844 1787 3884 domum
1813 3845 1851 3885 Β
1887 3846 1928 3883 1.
2077 3842 2118 3895 ο)
2149 3845 2213 3884 ita
2242 3843 2283 3884 A
2315 3845 2358 3885 2.
2391 3845 2432 3885 8.
2463 3846 2520 3887 Β.

281 3901 342 3941 D.
372 3901 411 3941 Ε·
445 3903 466 3941 1
501 3912 523 3941 e
551 3912 681 3949 corr„
712 3903 818 3953 αῖίός
863 3907 1003 3954 potue
1034 3904 1242 3944 lnuorem
1274 3902 1490 3943 haberem
1534 3907 1633 3953 poet
1662 3913 1777 3946 corr.
1821 3906 1925 3952 post
1952 3902 2161 3944 laborem
2189 3902 2362 3943 habere
2392 3903 2433 3943 A
2468 3905 2519 3953 13

284 3962 394 4010 poto
425 3969 452 3999 e
485 3959 669 4002 labores
702 3960 742 4001 G
761 3963 802 4002 1.
838 3962 888 4011 23
917 3966 1022 4012 poet
1050 3962 1258 4002 laborem
1290 3960 1324 4001 O
1346 3962 1386 4002 2.
1422 3960 1461 4002 G
1480 3960 1523 4002 8.
1558 3961 1639 4009 ⁶³3
1669 3964 1773 4011 post
1802 3961 1982 4001 labores
2015 3960 2055 4001 G
2083 3963 2112 4001 4
2142 3966 2180 4000 et
2212 3970 2233 4000 e
2262 3970 2376 4002 corr.
2412 3958 2519 4011 G23

283 4022 390 4068 poet
419 4018 538 4059 tales
566 4019 749 4059 labores
779 4030 801 4059 e
830 4030 931 4059 corr
979 4020 1020 4061 G
1053 4022 1105 4071 13
1133 4023 1240 4071 post
1269 4023 1448 4060 tautum
1478 4018 1687 4060 laborem
1718 4020 1773 4060 Β.
1805 4020 1842 4059 F
1876 4020 1924 4070 23
1953 4023 2060 4069 poet
2090 4020 2136 4060 ei
2166 4018 2371 4059 laborem
2404 4017 2438 4058 Ο
2473 4023 2520 4068 13

281 4079 389 4126 post
418 4077 520 4116 eius
549 4076 756 4118 laborem
788 4077 824 4119 Ο
854 4077 928 4118 41).
957 4078 1000 4118 D
1035 4080 1075 4121 1.
1105 4079 1128 4119 1
1161 4079 1201 4119 1.
1233 4099 1286 4109 -
1318 4077 1537 4119 haberem
1567 4078 1604 4117 F
1637 4080 1678 4118 1.
1797 4075 1834 4128 t)
1865 4078 1975 4116 deese
2006 4076 2041 4118 Ο
2076 4080 2116 4120 1.
2232 4074 2282 4127 ιι)
2314 4087 2352 4121 ⁸.
2383 4086 2521 4126 acere

280 4134 319 4174 13·
355 4134 396 4174 1.
430 4133 472 4174 G
505 4136 543 4174 1.
581 4136 621 4177 2.
757 4133 804 4188 v)
835 4137 1097 4187 privaretur
1127 4136 1177 4178 Ο.
1209 4136 1270 4180 D.
1299 4137 1322 4177 1
1356 4138 1396 4178 1.
1545 4133 1608 4187 w)
1641 4141 1884 4177 concurret
1910 4136 1947 4175 F
1982 4136 2024 4176 1.
2172 4132 2221 4186 x)
2254 4135 2365 4174 dem
2394 4135 2432 4175 Β
2466 4135 2519 4186 13

284 4192 587 4233 innocencius
616 4194 653 4234 F
687 4195 737 4244 13
767 4195 1083 4236 innocentium
1115 4195 1156 4236 G
1188 4196 1229 4238 1.
1261 4194 1303 4236 2.
1337 4195 1380 4236 8.
1499 4192 1549 4245 y)
1578 4195 1722 4234 initur
1749 4194 1786 4233 F
1817 4195 1870 4244 13
1901 4194 2007 4234 initi
2041 4191 2082 4235 G
2117 4195 2155 4234 1.
2191 4194 2242 4243 23
2274 4194 2520 4234 consilium

283 4249 504 4303 (consilio
536 4250 583 4303 4)
613 4253 730 4293 inito
763 4252 863 4296 Ga.
893 4256 938 4294 4.
1057 4251 1100 4304 ι)
1134 4253 1212 4303 qni
1244 4251 1285 4292 A
1312 4254 1354 4294 2.
1391 4275 1441 4285 -
1476 4263 1558 4293 ora
1583 4257 1682 4302 poet
1711 4252 1852 4302 suppl.
1885 4253 1922 4292 F
1940 4254 1982 4294 1.
2102 4249 2150 4304 ο.)
2180 4252 2325 4292 vitam
2357 4251 2399 4292 G
2417 4252 2455 4292 1.
2473 4252 2515 4293 2.

281 4306 332 4360 b)
363 4310 522 4350 vinem
552 4310 589 4350 F
625 4311 664 4352 1.
789 4309 832 4362 c)
864 4311 975 4352 dom
1004 4311 1045 4352 A
1079 4313 1117 4352 2.
1238 4308 1286 4361 d)
1319 4315 1371 4353 ut
1404 4332 1455 4344 ·-
1487 4311 1637 4362 pouit
1664 4311 1749 4353 dee.
1786 4309 1827 4353 G
1858 4310 1926 4353 bc.
2049 4310 2093 4362 e)
2125 4310 2377 4351 inebriaret
2403 4311 2441 4351 P
2475 4311 2520 4352 1.

285 4385 340 4398 —
371 4371 531 4418 posset
562 4367 611 4412 0.
641 4369 684 4409 D
718 4370 742 4409 1
776 4374 814 4409 οε
846 4368 887 4411 G
918 4371 944 4410 2
977 4379 998 4409 ο
1026 4380 1159 4423 corr„
1187 4369 1280 4410 alii.

2549 1194 2566 1213 “
2582 1208 2628 1249 p.
2644 1198 2745 1240 148.
