<?xml version="1.0" encoding="UTF-8"?>
<!DOCTYPE html PUBLIC "-//W3C//DTD XHTML 1.0 Transitional//EN"
    "http://www.w3.org/TR/xhtml1/DTD/xhtml1-transitional.dtd">
<html xmlns="http://www.w3.org/1999/xhtml" xml:lang="en" lang="en">
 <head>
  <title>
</title>
<meta http-equiv="Content-Type" content="text/html;charset=utf-8" />
  <meta name='ocr-system' content='tesseract 3.04.00' />
  <meta name='ocr-capabilities' content='ocr_page ocr_carea ocr_par ocr_line ocrx_word'/>
</head>
<body>
  <div class='ocr_page' id='page_1' title='image "./paulihistoriala01waitgoog_0038.png"; bbox 0 0 3042 4909; ppageno 0'>
   <div class='ocr_carea' id='block_1_1' title="bbox 555 370 2341 448">
    <p class='ocr_par' dir='ltr' id='par_1_1' title="bbox 555 370 2341 448">
     <span class='ocr_line' id='line_1_1' title="bbox 555 370 2341 448; baseline -0.001 -3"><span class='ocrx_word' id='word_1_1' title='bbox 555 397 627 445; x_wconf 86' lang='lat'><em>30</em></span> <span class='ocrx_word' id='word_1_2' title='bbox 1016 396 1242 448; x_wconf 83' lang='lat' dir='ltr'>PAULI</span> <span class='ocrx_word' id='word_1_3' title='bbox 1280 395 1630 448; x_wconf 80' lang='lat' dir='ltr'><strong>H1SToRIA</strong></span> <span class='ocrx_word' id='word_1_4' title='bbox 1667 370 2341 447; x_wconf 72' lang='lat' dir='ltr'><em>LANGOBARD‘omm.</em></span> 
     </span>
    </p>
   </div>
   <div class='ocr_carea' id='block_1_2' title="bbox 537 562 2803 3989">
    <p class='ocr_par' dir='ltr' id='par_1_2' title="bbox 542 562 2802 1404">
     <span class='ocr_line' id='line_1_2' title="bbox 557 562 2802 651; baseline 0.001 -25"><span class='ocrx_word' id='word_1_5' title='bbox 557 562 963 643; x_wconf 86' lang='lat' dir='ltr'><em>adservatus,</em></span> <span class='ocrx_word' id='word_1_6' title='bbox 1008 563 1181 626; x_wconf 88' lang='lat' dir='ltr'><em>unde</em></span> <span class='ocrx_word' id='word_1_7' title='bbox 1224 564 1573 627; x_wconf 75' lang='lat' dir='ltr'><em>recentiori</em></span> <span class='ocrx_word' id='word_1_8' title='bbox 1614 570 1869 625; x_wconf 89' lang='lat' dir='ltr'><em>tantum</em></span> <span class='ocrx_word' id='word_1_9' title='bbox 1910 571 2189 651; x_wconf 89' lang='lat' dir='ltr'><em>tempore</em></span> <span class='ocrx_word' id='word_1_10' title='bbox 2233 585 2380 627; x_wconf 86' lang='lat' dir='ltr'><em>cum</em></span> <span class='ocrx_word' id='word_1_11' title='bbox 2430 572 2520 627; x_wconf 91' lang='lat' dir='ltr'><em>tot</em></span> <span class='ocrx_word' id='word_1_12' title='bbox 2555 566 2802 648; x_wconf 87' lang='lat' dir='ltr'><em>pretio·</em></span> 
     </span>
     <span class='ocr_line' id='line_1_3' title="bbox 554 646 2799 730; baseline 0 -21"><span class='ocrx_word' id='word_1_13' title='bbox 554 648 830 711; x_wconf 87' lang='lat' dir='ltr'><em>sissimis</em></span> <span class='ocrx_word' id='word_1_14' title='bbox 862 647 1175 711; x_wconf 74' lang='lat' dir='ltr'><em>historiae</em></span> <span class='ocrx_word' id='word_1_15' title='bbox 1204 646 1569 710; x_wconf 87' lang='lat' dir='ltr'><em>Francicae</em></span> <span class='ocrx_word' id='word_1_16' title='bbox 1599 648 2030 710; x_wconf 76' lang='lat' dir='ltr'><em>monumentis</em></span> <span class='ocrx_word' id='word_1_17' title='bbox 2056 646 2334 711; x_wconf 82' lang='lat' dir='ltr'><em>Romam</em></span> <span class='ocrx_word' id='word_1_18' title='bbox 2364 647 2657 712; x_wconf 87' lang='lat' dir='ltr'><em>devectus</em></span> <span class='ocrx_word' id='word_1_19' title='bbox 2686 658 2799 730; x_wconf 78' lang='lat' dir='ltr'><em>est,</em></span> 
     </span>
     <span class='ocr_line' id='line_1_4' title="bbox 555 730 2798 814; baseline 0.001 -21"><span class='ocrx_word' id='word_1_20' title='bbox 555 730 671 794; x_wconf 89' lang='lat' dir='ltr'><em>ubi</em></span> <span class='ocrx_word' id='word_1_21' title='bbox 700 739 857 814; x_wconf 88' lang='lat' dir='ltr'><em>post</em></span> <span class='ocrx_word' id='word_1_22' title='bbox 884 730 1370 793; x_wconf 90' lang='lat' dir='ltr'><em>Bethmannum</em></span> <span class='ocrx_word' id='word_1_23' title='bbox 1413 731 1529 794; x_wconf 90' lang='lat' dir='ltr'><em>hoc</em></span> <span class='ocrx_word' id='word_1_24' title='bbox 1576 752 1760 793; x_wconf 88' lang='lat' dir='ltr'><em>anno</em></span> <span class='ocrx_word' id='word_1_25' title='bbox 1791 738 1850 793; x_wconf 90' lang='lat' dir='ltr'><em>et</em></span> <span class='ocrx_word' id='word_1_26' title='bbox 1876 730 2019 814; x_wconf 87' lang='lat' dir='ltr'><em>ipse</em></span> <span class='ocrx_word' id='word_1_27' title='bbox 2047 752 2117 794; x_wconf 93' lang='lat' dir='ltr'><em>eo</em></span> <span class='ocrx_word' id='word_1_28' title='bbox 2149 754 2310 795; x_wconf 87' lang='lat' dir='ltr'><em>usus</em></span> <span class='ocrx_word' id='word_1_29' title='bbox 2340 753 2502 795; x_wconf 88' lang='lat' dir='ltr'><em>sum.</em></span> <span class='ocrx_word' id='word_1_30' title='bbox 2582 730 2798 796; x_wconf 78' lang='lat' dir='ltr'><em>Codeoe</em></span> 
     </span>
     <span class='ocr_line' id='line_1_5' title="bbox 555 813 2800 900; baseline 0 -23"><span class='ocrx_word' id='word_1_31' title='bbox 555 823 628 877; x_wconf 93' lang='lat' dir='ltr'><em>ut</em></span> <span class='ocrx_word' id='word_1_32' title='bbox 657 815 956 897; x_wconf 89' lang='lat' dir='ltr'><em>primum</em></span> <span class='ocrx_word' id='word_1_33' title='bbox 999 822 1316 877; x_wconf 78' lang='lat' dir='ltr'><em>escaratus</em></span> <span class='ocrx_word' id='word_1_34' title='bbox 1357 822 1499 877; x_wconf 83' lang='lat' dir='ltr'><em>erat</em></span> <span class='ocrx_word' id='word_1_35' title='bbox 1529 815 1838 898; x_wconf 78' lang='lat' dir='ltr'><em>prooeime</em></span> <span class='ocrx_word' id='word_1_36' title='bbox 1883 814 1983 877; x_wconf 74' lang='lat' dir='ltr'><em>ad&#39;</em></span> <span class='ocrx_word' id='word_1_37' title='bbox 2021 813 2079 879; x_wconf 81' lang='lat' dir='ltr'><em>C</em></span> <span class='ocrx_word' id='word_1_38' title='bbox 2107 814 2272 877; x_wconf 85' lang='lat'><em>1-3</em></span> <span class='ocrx_word' id='word_1_39' title='bbox 2316 817 2584 879; x_wconf 90' lang='lat' dir='ltr'><em>accessit</em></span> <span class='ocrx_word' id='word_1_40' title='bbox 2630 816 2800 900; x_wconf 79' lang='lat' dir='ltr'><em>(for-</em></span> 
     </span>
     <span class='ocr_line' id='line_1_6' title="bbox 555 895 2793 982; baseline 0.002 -23"><span class='ocrx_word' id='word_1_41' title='bbox 555 907 723 961; x_wconf 89' lang='lat' dir='ltr'><em>tasse</em></span> <span class='ocrx_word' id='word_1_42' title='bbox 766 919 847 960; x_wconf 79' lang='lat' dir='ltr'><em>esc</em></span> <span class='ocrx_word' id='word_1_43' title='bbox 883 896 1024 962; x_wconf 81' lang='lat' dir='ltr'><em>C*1</em></span> <span class='ocrx_word' id='word_1_44' title='bbox 1069 898 1491 982; x_wconf 72' lang='lat' dir='ltr'><em>descriptus),</em></span> <span class='ocrx_word' id='word_1_45' title='bbox 1536 899 1730 962; x_wconf 88' lang='lat' dir='ltr'><em>etiam</em></span> <span class='ocrx_word' id='word_1_46' title='bbox 1768 897 1868 978; x_wconf 93' lang='lat' dir='ltr'><em>VI,</em></span> <span class='ocrx_word' id='word_1_47' title='bbox 1899 895 2002 961; x_wconf 82' lang='grc'><em>52.</em></span> <span class='ocrx_word' id='word_1_48' title='bbox 2032 897 2134 961; x_wconf 83' lang='grc'><em>53.</em></span> <span class='ocrx_word' id='word_1_49' title='bbox 2163 899 2239 962; x_wconf 92' lang='lat' dir='ltr'><em>in</em></span> <span class='ocrx_word' id='word_1_50' title='bbox 2255 897 2397 980; x_wconf 83' lang='lat' dir='ltr'><em>fine</em></span> <span class='ocrx_word' id='word_1_51' title='bbox 2435 898 2793 980; x_wconf 79' lang='lat' dir='ltr'><em>collocavit,</em></span> 
     </span>
     <span class='ocr_line' id='line_1_7' title="bbox 542 979 2796 1067; baseline 0.002 -24"><span class='ocrx_word' id='word_1_52' title='bbox 542 991 897 1066; x_wconf 89' lang='lat' dir='ltr'><em>praeterea</em></span> <span class='ocrx_word' id='word_1_53' title='bbox 937 980 1176 1066; x_wconf 83' lang='lat' dir='ltr'><em>ubique</em></span> <span class='ocrx_word' id='word_1_54' title='bbox 1199 981 1354 1065; x_wconf 87' lang='lat' dir='ltr'><em>fere</em></span> <span class='ocrx_word' id='word_1_55' title='bbox 1382 990 1696 1045; x_wconf 89' lang='lat' dir='ltr'><em>vetustam</em></span> <span class='ocrx_word' id='word_1_56' title='bbox 1723 979 1880 1046; x_wconf 89' lang='lat' dir='ltr'><em>libri</em></span> <span class='ocrx_word' id='word_1_57' title='bbox 1888 979 2189 1066; x_wconf 89' lang='lat' dir='ltr'><em>formam</em></span> <span class='ocrx_word' id='word_1_58' title='bbox 2196 1030 2216 1063; x_wconf 93' lang='lat'><strong><em>,</em></strong></span> <span class='ocrx_word' id='word_1_59' title='bbox 2248 1005 2514 1067; x_wconf 81' lang='lat' dir='ltr'><em>eamque</em></span> <span class='ocrx_word' id='word_1_60' title='bbox 2541 984 2796 1047; x_wconf 86' lang='lat' dir='ltr'><em>mendis</em></span> 
     </span>
     <span class='ocr_line' id='line_1_8' title="bbox 557 1064 2798 1152; baseline 0.001 -24"><span class='ocrx_word' id='word_1_61' title='bbox 557 1087 755 1149; x_wconf 82' lang='lat' dir='ltr'><em>quam</em></span> <span class='ocrx_word' id='word_1_62' title='bbox 784 1065 1100 1150; x_wconf 74' lang='lat' dir='ltr'><em>plurimis</em></span> <span class='ocrx_word' id='word_1_63' title='bbox 1158 1086 1497 1149; x_wconf 81' lang='lat' dir='ltr'><em>aspersam</em></span> <span class='ocrx_word' id='word_1_64' title='bbox 1534 1064 1870 1149; x_wconf 87' lang='lat' dir='ltr'><em>praebuit.</em></span> <span class='ocrx_word' id='word_1_65' title='bbox 1958 1064 2091 1130; x_wconf 83' lang='lat' dir='ltr'><em>Sed</em></span> <span class='ocrx_word' id='word_1_66' title='bbox 2144 1076 2528 1130; x_wconf 82' lang='lat' dir='ltr'><em>correctores</em></span> <span class='ocrx_word' id='word_1_67' title='bbox 2560 1065 2798 1152; x_wconf 87' lang='lat' dir='ltr'><em>plures</em></span> 
     </span>
     <span class='ocr_line' id='line_1_9' title="bbox 556 1146 2796 1233; baseline 0.001 -22"><span class='ocrx_word' id='word_1_68' title='bbox 556 1171 606 1211; x_wconf 83' lang='lat' dir='ltr'><em>s.</em></span> <span class='ocrx_word' id='word_1_69' title='bbox 630 1148 707 1211; x_wconf 90' lang='lat' dir='ltr'><em>X.</em></span> <span class='ocrx_word' id='word_1_70' title='bbox 739 1158 797 1213; x_wconf 91' lang='lat' dir='ltr'><em>et</em></span> <span class='ocrx_word' id='word_1_71' title='bbox 823 1148 929 1211; x_wconf 91' lang='lat' dir='ltr'><em>XI</em></span> <span class='ocrx_word' id='word_1_72' title='bbox 940 1160 981 1211; x_wconf 90' lang='lat'><em>¹.</em></span> <span class='ocrx_word' id='word_1_73' title='bbox 1073 1150 1286 1213; x_wconf 90' lang='lat' dir='ltr'><em>riscae</em></span> <span class='ocrx_word' id='word_1_74' title='bbox 1327 1149 1841 1233; x_wconf 66' lang='lat' dir='ltr'><em>orthographiae</em></span> <span class='ocrx_word' id='word_1_75' title='bbox 1870 1157 1928 1213; x_wconf 90' lang='lat' dir='ltr'><em>et</em></span> <span class='ocrx_word' id='word_1_76' title='bbox 1965 1146 2063 1212; x_wconf 91' lang='lat' dir='ltr'><em>lin</em></span> <span class='ocrx_word' id='word_1_77' title='bbox 2111 1172 2238 1212; x_wconf 90' lang='lat' dir='ltr'><em>uae</em></span> <span class='ocrx_word' id='word_1_78' title='bbox 2274 1147 2386 1213; x_wconf 91' lang='lat' dir='ltr'><em>vul</em></span> <span class='ocrx_word' id='word_1_79' title='bbox 2434 1153 2576 1214; x_wconf 85' lang='lat' dir='ltr'><em>aris</em></span> <span class='ocrx_word' id='word_1_80' title='bbox 2613 1153 2796 1215; x_wconf 84' lang='lat' dir='ltr'><em>vesti-</em></span> 
     </span>
     <span class='ocr_line' id='line_1_10' title="bbox 599 1231 2795 1318; baseline 0.001 -22"><span class='ocrx_word' id='word_1_81' title='bbox 599 1233 675 1296; x_wconf 89' lang='lat' dir='ltr'><em>ia</em></span> <span class='ocrx_word' id='word_1_82' title='bbox 716 1232 953 1313; x_wconf 88' lang='lat' dir='ltr'><em>tollere,</em></span> <span class='ocrx_word' id='word_1_83' title='bbox 1033 1254 1291 1296; x_wconf 89' lang='lat' dir='ltr'><em>acunas</em></span> <span class='ocrx_word' id='word_1_84' title='bbox 1343 1231 1622 1316; x_wconf 73' lang='lat' dir='ltr'><em>explere,</em></span> <span class='ocrx_word' id='word_1_85' title='bbox 1681 1255 1847 1318; x_wconf 82' lang='lat' dir='ltr'><em>quae</em></span> <span class='ocrx_word' id='word_1_86' title='bbox 1899 1234 2032 1296; x_wconf 88' lang='lat' dir='ltr'><em>inte</em></span> <span class='ocrx_word' id='word_1_87' title='bbox 2081 1243 2221 1297; x_wconf 85' lang='lat' dir='ltr'><em>ectu</em></span> <span class='ocrx_word' id='word_1_88' title='bbox 2264 1234 2379 1318; x_wconf 75' lang='lat' dir='ltr'><em>dif</em></span> <span class='ocrx_word' id='word_1_89' title='bbox 2418 1234 2577 1298; x_wconf 89' lang='lat' dir='ltr'><em>cilia</em></span> <span class='ocrx_word' id='word_1_90' title='bbox 2618 1234 2795 1298; x_wconf 89' lang='lat' dir='ltr'><em>vide-</em></span> 
     </span>
     <span class='ocr_line' id='line_1_11' title="bbox 596 1315 2801 1404; baseline 0.001 -25"><span class='ocrx_word' id='word_1_91' title='bbox 596 1325 800 1379; x_wconf 88' lang='lat' dir='ltr'><em>antur</em></span> <span class='ocrx_word' id='word_1_92' title='bbox 840 1315 1204 1400; x_wconf 77' lang='lat' dir='ltr'><em>eoeplanare</em></span> <span class='ocrx_word' id='word_1_93' title='bbox 1248 1318 1468 1379; x_wconf 90' lang='lat' dir='ltr'><em>conati</em></span> <span class='ocrx_word' id='word_1_94' title='bbox 1501 1325 1676 1396; x_wconf 89' lang='lat' dir='ltr'><em>sunt,</em></span> <span class='ocrx_word' id='word_1_95' title='bbox 1710 1325 2062 1399; x_wconf 85' lang='lat' dir='ltr'><em>praeterea</em></span> <span class='ocrx_word' id='word_1_96' title='bbox 2090 1319 2165 1381; x_wconf 91' lang='lat' dir='ltr'><em>in</em></span> <span class='ocrx_word' id='word_1_97' title='bbox 2194 1319 2498 1404; x_wconf 67' lang='lat' dir='ltr'><em>margine</em></span> <span class='ocrx_word' id='word_1_98' title='bbox 2528 1320 2801 1403; x_wconf 87' lang='lat' dir='ltr'><em>saepius</em></span> 
     </span>
    </p>

    <p class='ocr_par' dir='ltr' id='par_1_3' title="bbox 553 1400 2803 2155">
     <span class='ocr_line' id='line_1_12' title="bbox 556 1400 2800 1485; baseline 0 -21"><span class='ocrx_word' id='word_1_99' title='bbox 556 1400 813 1485; x_wconf 74' lang='lat' dir='ltr'><em>qlossas</em></span> <span class='ocrx_word' id='word_1_100' title='bbox 859 1401 1258 1485; x_wconf 82' lang='lat' dir='ltr'><em>adjecerunt.</em></span> <span class='ocrx_word' id='word_1_101' title='bbox 1326 1400 1407 1462; x_wconf 91' lang='lat' dir='ltr'><em>In</em></span> <span class='ocrx_word' id='word_1_102' title='bbox 1441 1422 1569 1485; x_wconf 81' lang='lat' dir='ltr'><em>quo</em></span> <span class='ocrx_word' id='word_1_103' title='bbox 1599 1402 1856 1484; x_wconf 71' lang='lat' dir='ltr'><em>neyotio</em></span> <span class='ocrx_word' id='word_1_104' title='bbox 1887 1423 2179 1464; x_wconf 88' lang='lat' dir='ltr'><em>nonnum</em></span> <span class='ocrx_word' id='word_1_105' title='bbox 2224 1424 2380 1465; x_wconf 91' lang='lat' dir='ltr'><em>uam</em></span> <span class='ocrx_word' id='word_1_106' title='bbox 2411 1402 2542 1465; x_wconf 87' lang='lat' dir='ltr'><em>alio</em></span> <span class='ocrx_word' id='word_1_107' title='bbox 2580 1403 2800 1466; x_wconf 89' lang='lat' dir='ltr'><em>codice</em></span> 
     </span>
     <span class='ocr_line' id='line_1_13' title="bbox 559 1484 2799 1570; baseline 0.001 -23"><span class='ocrx_word' id='word_1_108' title='bbox 559 1484 782 1569; x_wconf 78' lang='lat' dir='ltr'><em>adjuti</em></span> <span class='ocrx_word' id='word_1_109' title='bbox 813 1484 1087 1568; x_wconf 84' lang='lat' dir='ltr'><em>fuerint</em></span> <span class='ocrx_word' id='word_1_110' title='bbox 1144 1492 1423 1568; x_wconf 89' lang='lat' dir='ltr'><em>oportet;</em></span> <span class='ocrx_word' id='word_1_111' title='bbox 1480 1506 1614 1547; x_wconf 91' lang='lat' dir='ltr'><em>non</em></span> <span class='ocrx_word' id='word_1_112' title='bbox 1661 1505 1897 1567; x_wconf 87' lang='lat' dir='ltr'><em>pauca</em></span> <span class='ocrx_word' id='word_1_113' title='bbox 1929 1506 2095 1549; x_wconf 71' lang='lat' dir='ltr'><em>vero</em></span> <span class='ocrx_word' id='word_1_114' title='bbox 2193 1507 2225 1548; x_wconf 89' lang='lat' dir='ltr'><em>e</em></span> <span class='ocrx_word' id='word_1_115' title='bbox 2268 1487 2540 1570; x_wconf 66' lang='lat' dir='ltr'><em>ingenio</em></span> <span class='ocrx_word' id='word_1_116' title='bbox 2589 1495 2799 1549; x_wconf 89' lang='lat' dir='ltr'><em>muta—</em></span> 
     </span>
     <span class='ocr_line' id='line_1_14' title="bbox 555 1564 2803 1648; baseline 0 -17"><span class='ocrx_word' id='word_1_117' title='bbox 555 1576 817 1648; x_wconf 83' lang='lat' dir='ltr'><em>verunt,</em></span> <span class='ocrx_word' id='word_1_118' title='bbox 897 1566 1318 1632; x_wconf 85' lang='lat' dir='ltr'><em>addiderunt.</em></span> <span class='ocrx_word' id='word_1_119' title='bbox 1443 1564 1627 1640; x_wconf 82' lang='lat' dir='ltr'><em>Quae</em></span> <span class='ocrx_word' id='word_1_120' title='bbox 1696 1569 1771 1630; x_wconf 88' lang='lat' dir='ltr'><em>in</em></span> <span class='ocrx_word' id='word_1_121' title='bbox 1845 1566 2013 1631; x_wconf 84' lang='lat' dir='ltr'><em>alios</em></span> <span class='ocrx_word' id='word_1_122' title='bbox 2083 1567 2318 1632; x_wconf 84' lang='lat' dir='ltr'><em>multos</em></span> <span class='ocrx_word' id='word_1_123' title='bbox 2389 1571 2803 1633; x_wconf 84' lang='lat' dir='ltr'><em>transierunt</em></span> 
     </span>
     <span class='ocr_line' id='line_1_15' title="bbox 555 1650 2802 1737; baseline 0.001 -23"><span class='ocrx_word' id='word_1_124' title='bbox 555 1651 825 1733; x_wconf 89' lang='lat' dir='ltr'><em>codices,</em></span> <span class='ocrx_word' id='word_1_125' title='bbox 856 1653 1015 1735; x_wconf 82' lang='lat' dir='ltr'><em>quos</em></span> <span class='ocrx_word' id='word_1_126' title='bbox 1043 1651 1190 1714; x_wconf 88' lang='lat' dir='ltr'><em>ideo</em></span> <span class='ocrx_word' id='word_1_127' title='bbox 1220 1650 1336 1713; x_wconf 90' lang='lat' dir='ltr'><em>sub</em></span> <span class='ocrx_word' id='word_1_128' title='bbox 1366 1652 1555 1736; x_wconf 66' lang='lat' dir='ltr'><em>signo</em></span> <span class='ocrx_word' id='word_1_129' title='bbox 1585 1650 1654 1713; x_wconf 93' lang='lat' dir='ltr'><em>D</em></span> <span class='ocrx_word' id='word_1_130' title='bbox 1682 1673 1803 1714; x_wconf 89' lang='lat' dir='ltr'><em>eon</em></span> <span class='ocrx_word' id='word_1_131' title='bbox 1822 1652 2175 1737; x_wconf 74' lang='lat' dir='ltr'><em>‘unqendos</em></span> <span class='ocrx_word' id='word_1_132' title='bbox 2205 1653 2391 1716; x_wconf 74' lang='lat' dir='ltr'><em>dumi.</em></span> <span class='ocrx_word' id='word_1_133' title='bbox 2449 1652 2802 1737; x_wconf 73' lang='lat' dir='ltr'><em>Plerosque</em></span> 
     </span>
     <span class='ocr_line' id='line_1_16' title="bbox 555 1674 2800 1821; baseline 0.001 -24"><span class='ocrx_word' id='word_1_134' title='bbox 555 1744 791 1815; x_wconf 89' lang='lat' dir='ltr'><em>tamen,</em></span> <span class='ocrx_word' id='word_1_135' title='bbox 836 1758 981 1799; x_wconf 91' lang='lat' dir='ltr'><em>cum</em></span> <span class='ocrx_word' id='word_1_136' title='bbox 1025 1734 1116 1798; x_wconf 92' lang='lat' dir='ltr'><em>ad</em></span> <span class='ocrx_word' id='word_1_137' title='bbox 1156 1736 1519 1820; x_wconf 66' lang='lat' dir='ltr'><em>genuinam</em></span> <span class='ocrx_word' id='word_1_138' title='bbox 1554 1734 1759 1797; x_wconf 91' lang='lat' dir='ltr'><em>Pauli</em></span> <span class='ocrx_word' id='word_1_139' title='bbox 1792 1674 2128 1799; x_wconf 69' lang='lat' dir='ltr'><em>lectionem</em></span> <span class='ocrx_word' id='word_1_140' title='bbox 2170 1736 2637 1801; x_wconf 78' lang='lat' dir='ltr'><em>restituendam</em></span> <span class='ocrx_word' id='word_1_141' title='bbox 2666 1760 2800 1821; x_wconf 89' lang='lat' dir='ltr'><em>pa-</em></span> 
     </span>
     <span class='ocr_line' id='line_1_17' title="bbox 554 1817 2801 1906; baseline 0.001 -24"><span class='ocrx_word' id='word_1_142' title='bbox 554 1842 704 1882; x_wconf 91' lang='lat' dir='ltr'><em>rum</em></span> <span class='ocrx_word' id='word_1_143' title='bbox 748 1827 866 1882; x_wconf 89' lang='lat' dir='ltr'><em>aut</em></span> <span class='ocrx_word' id='word_1_144' title='bbox 906 1817 1081 1882; x_wconf 87' lang='lat' dir='ltr'><em>nihil</em></span> <span class='ocrx_word' id='word_1_145' title='bbox 1120 1840 1228 1883; x_wconf 91' lang='lat' dir='ltr'><em>eos</em></span> <span class='ocrx_word' id='word_1_146' title='bbox 1268 1818 1625 1883; x_wconf 79' lang='lat' dir='ltr'><em>conducere</em></span> <span class='ocrx_word' id='word_1_147' title='bbox 1655 1818 1873 1902; x_wconf 88' lang='lat' dir='ltr'><em>facile</em></span> <span class='ocrx_word' id='word_1_148' title='bbox 1917 1828 2075 1883; x_wconf 87' lang='lat' dir='ltr'><em>esset</em></span> <span class='ocrx_word' id='word_1_149' title='bbox 2117 1818 2457 1901; x_wconf 87' lang='lat' dir='ltr'><em>intellectu,</em></span> <span class='ocrx_word' id='word_1_150' title='bbox 2511 1820 2801 1906; x_wconf 73' lang='lat' dir='ltr'><em>sinqulis</em></span> 
     </span>
     <span class='ocr_line' id='line_1_18' title="bbox 553 1900 2793 1989; baseline 0.001 -25"><span class='ocrx_word' id='word_1_151' title='bbox 553 1911 808 1967; x_wconf 88' lang='lat' dir='ltr'><em>tantum</em></span> <span class='ocrx_word' id='word_1_152' title='bbox 871 1900 1033 1967; x_wconf 89' lang='lat' dir='ltr'><em>locis</em></span> <span class='ocrx_word' id='word_1_153' title='bbox 1092 1904 1539 1987; x_wconf 87' lang='lat' dir='ltr'><em>inspiciendos</em></span> <span class='ocrx_word' id='word_1_154' title='bbox 1594 1925 1726 1966; x_wconf 88' lang='lat' dir='ltr'><em>esse</em></span> <span class='ocrx_word' id='word_1_155' title='bbox 1779 1912 1945 1967; x_wconf 89' lang='lat' dir='ltr'><em>recte</em></span> <span class='ocrx_word' id='word_1_156' title='bbox 1999 1903 2340 1989; x_wconf 84' lang='lat' dir='ltr'><em>judicavit</em></span> <span class='ocrx_word' id='word_1_157' title='bbox 2402 1904 2793 1968; x_wconf 90' lang='lat' dir='ltr'><em>Bethmann.</em></span> 
     </span>
     <span class='ocr_line' id='line_1_19' title="bbox 558 1985 2796 2073; baseline 0.001 -24"><span class='ocrx_word' id='word_1_158' title='bbox 558 1985 703 2061; x_wconf 84' lang='lat' dir='ltr'><em>Quo</em></span> <span class='ocrx_word' id='word_1_159' title='bbox 741 1985 1011 2070; x_wconf 89' lang='lat' dir='ltr'><em>factum</em></span> <span class='ocrx_word' id='word_1_160' title='bbox 1065 1995 1174 2066; x_wconf 82' lang='lat' dir='ltr'><em>est,</em></span> <span class='ocrx_word' id='word_1_161' title='bbox 1233 1994 1307 2049; x_wconf 92' lang='lat' dir='ltr'><em>ut</em></span> <span class='ocrx_word' id='word_1_162' title='bbox 1358 1986 1555 2050; x_wconf 89' lang='lat' dir='ltr'><em>etiam</em></span> <span class='ocrx_word' id='word_1_163' title='bbox 1613 1986 1690 2051; x_wconf 91' lang='lat' dir='ltr'><em>de</em></span> <span class='ocrx_word' id='word_1_164' title='bbox 1745 2008 1966 2051; x_wconf 89' lang='lat' dir='ltr'><em>eorum</em></span> <span class='ocrx_word' id='word_1_165' title='bbox 2023 1989 2411 2072; x_wconf 71' lang='lat' dir='ltr'><em>coynatione</em></span> <span class='ocrx_word' id='word_1_166' title='bbox 2453 1990 2605 2073; x_wconf 82' lang='lat' dir='ltr'><em>jam</em></span> <span class='ocrx_word' id='word_1_167' title='bbox 2662 2011 2796 2053; x_wconf 91' lang='lat' dir='ltr'><em>non</em></span> 
     </span>
     <span class='ocr_line' id='line_1_20' title="bbox 554 2070 1895 2155; baseline -0.001 -22"><span class='ocrx_word' id='word_1_168' title='bbox 554 2071 792 2155; x_wconf 79' lang='lat' dir='ltr'><em>ubique</em></span> <span class='ocrx_word' id='word_1_169' title='bbox 835 2079 1004 2134; x_wconf 83' lang='lat' dir='ltr'><em>certo</em></span> <span class='ocrx_word' id='word_1_170' title='bbox 1048 2070 1288 2134; x_wconf 92' lang='lat' dir='ltr'><em>certius</em></span> <span class='ocrx_word' id='word_1_171' title='bbox 1345 2070 1629 2134; x_wconf 83' lang='lat' dir='ltr'><em>‘udicari</em></span> <span class='ocrx_word' id='word_1_172' title='bbox 1664 2074 1895 2154; x_wconf 86' lang='lat' dir='ltr'><em>possit.</em></span> 
     </span>
    </p>

    <p class='ocr_par' dir='ltr' id='par_1_4' title="bbox 720 2092 1993 2219">
     <span class='ocr_line' id='line_1_21' title="bbox 720 2092 1993 2219; baseline -0.001 -3"><span class='ocrx_word' id='word_1_173' title='bbox 720 2154 1024 2218; x_wconf 80' lang='lat' dir='ltr'><em>PrOoeime</em></span> <span class='ocrx_word' id='word_1_174' title='bbox 1071 2154 1162 2217; x_wconf 91' lang='lat' dir='ltr'><em>ad</em></span> <span class='ocrx_word' id='word_1_175' title='bbox 1202 2153 1272 2215; x_wconf 92' lang='lat' dir='ltr'><em>D</em></span> <span class='ocrx_word' id='word_1_176' title='bbox 1308 2092 1353 2216; x_wconf 54' lang='lat' dir='ltr'>f</span> <span class='ocrx_word' id='word_1_177' title='bbox 1390 2155 1690 2219; x_wconf 80' lang='lat' dir='ltr'><em>accedere</em></span> <span class='ocrx_word' id='word_1_178' title='bbox 1732 2155 1993 2218; x_wconf 83' lang='lat' dir='ltr'><em>videtur</em></span> 
     </span>
    </p>

    <p class='ocr_par' dir='ltr' id='par_1_5' title="bbox 551 2236 2800 2740">
     <span class='ocr_line' id='line_1_22' title="bbox 723 2236 2797 2323; baseline 0.001 -23"><span class='ocrx_word' id='word_1_179' title='bbox 723 2236 863 2323; x_wconf 89' lang='lat'><strong>(33)</strong></span> <span class='ocrx_word' id='word_1_180' title='bbox 906 2237 976 2299; x_wconf 93' lang='lat' dir='ltr'><em>D</em></span> <span class='ocrx_word' id='word_1_181' title='bbox 1009 2238 1136 2300; x_wconf 48' lang='lat' dir='ltr'><em>1⁸st</em></span> <span class='ocrx_word' id='word_1_182' title='bbox 1201 2237 1750 2323; x_wconf 72' lang='lat' dir='ltr'><em>Rothomaqen</em></span> <span class='ocrx_word' id='word_1_183' title='bbox 1768 2240 1880 2302; x_wconf 87' lang='lat' dir='ltr'><em>sis</em></span> <span class='ocrx_word' id='word_1_184' title='bbox 1908 2236 2170 2312; x_wconf 6' lang='lat' dir='ltr'><em>Nr.,28.</em></span> <span class='ocrx_word' id='word_1_185' title='bbox 2201 2237 2303 2318; x_wconf 84' lang='grc'><em>27,</em></span> <span class='ocrx_word' id='word_1_186' title='bbox 2336 2237 2487 2302; x_wconf 86' lang='lat' dir='ltr'><em>olim</em></span> <span class='ocrx_word' id='word_1_187' title='bbox 2519 2237 2797 2303; x_wconf 76' lang='lat' dir='ltr'><em>Gemme-</em></span> 
     </span>
     <span class='ocr_line' id='line_1_23' title="bbox 551 2319 2797 2406; baseline 0.002 -24"><span class='ocrx_word' id='word_1_188' title='bbox 551 2322 816 2385; x_wconf 84' lang='lat' dir='ltr'><em>ticensis</em></span> <span class='ocrx_word' id='word_1_189' title='bbox 873 2319 934 2384; x_wconf 71' lang='lat' dir='ltr'><em>G</em></span> <span class='ocrx_word' id='word_1_190' title='bbox 976 2321 1079 2402; x_wconf 88' lang='grc'><em>21,</em></span> <span class='ocrx_word' id='word_1_191' title='bbox 1129 2322 1385 2385; x_wconf 86' lang='lat' dir='ltr'><em>membr.</em></span> <span class='ocrx_word' id='word_1_192' title='bbox 1426 2320 1561 2405; x_wconf 90' lang='lat' dir='ltr'><em>fol.</em></span> <span class='ocrx_word' id='word_1_193' title='bbox 1607 2344 1656 2384; x_wconf 89' lang='lat' dir='ltr'><em>s.</em></span> <span class='ocrx_word' id='word_1_194' title='bbox 1700 2321 1825 2403; x_wconf 85' lang='lat' dir='ltr'><em>XI,</em></span> <span class='ocrx_word' id='word_1_195' title='bbox 1880 2324 1998 2406; x_wconf 79' lang='lat' dir='ltr'><em>qui</em></span> <span class='ocrx_word' id='word_1_196' title='bbox 2053 2322 2259 2385; x_wconf 87' lang='lat' dir='ltr'><em>solum</em></span> <span class='ocrx_word' id='word_1_197' title='bbox 2300 2321 2505 2385; x_wconf 87' lang='lat' dir='ltr'><em>Pauli</em></span> <span class='ocrx_word' id='word_1_198' title='bbox 2560 2321 2797 2387; x_wconf 89' lang='lat' dir='ltr'><em>librum</em></span> 
     </span>
     <span class='ocr_line' id='line_1_24' title="bbox 552 2405 2799 2490; baseline 0.001 -23"><span class='ocrx_word' id='word_1_199' title='bbox 552 2406 855 2482; x_wconf 88' lang='lat' dir='ltr'><em>eontinet,</em></span> <span class='ocrx_word' id='word_1_200' title='bbox 915 2406 1125 2469; x_wconf 87' lang='lat' dir='ltr'><em>tribus</em></span> <span class='ocrx_word' id='word_1_201' title='bbox 1167 2406 1471 2469; x_wconf 82' lang='lat' dir='ltr'><em>manibus</em></span> <span class='ocrx_word' id='word_1_202' title='bbox 1529 2406 2007 2489; x_wconf 89' lang='lat' dir='ltr'><em>conscriptum;</em></span> <span class='ocrx_word' id='word_1_203' title='bbox 2055 2414 2290 2490; x_wconf 89' lang='lat' dir='ltr'><em>postea</em></span> <span class='ocrx_word' id='word_1_204' title='bbox 2347 2406 2598 2470; x_wconf 86' lang='lat' dir='ltr'><em>demum</em></span> <span class='ocrx_word' id='word_1_205' title='bbox 2642 2405 2799 2470; x_wconf 88' lang='lat' dir='ltr'><em>aliis</em></span> 
     </span>
     <span class='ocr_line' id='line_1_25' title="bbox 555 2488 2796 2575; baseline 0 -22"><span class='ocrx_word' id='word_1_206' title='bbox 555 2490 816 2553; x_wconf 88' lang='lat' dir='ltr'><em>assutis.</em></span> <span class='ocrx_word' id='word_1_207' title='bbox 905 2489 1167 2553; x_wconf 89' lang='lat' dir='ltr'><em>Desinit</em></span> <span class='ocrx_word' id='word_1_208' title='bbox 1221 2488 1319 2570; x_wconf 91' lang='lat' dir='ltr'><em>VI,</em></span> <span class='ocrx_word' id='word_1_209' title='bbox 1379 2491 1439 2553; x_wconf 87' lang='lat'><em>3.</em></span> <span class='ocrx_word' id='word_1_210' title='bbox 1493 2488 1832 2572; x_wconf 81' lang='lat' dir='ltr'><em>(tenuisse)</em></span> <span class='ocrx_word' id='word_1_211' title='bbox 1891 2490 1968 2552; x_wconf 92' lang='lat' dir='ltr'><em>in</em></span> <span class='ocrx_word' id='word_1_212' title='bbox 2010 2490 2229 2552; x_wconf 90' lang='lat' dir='ltr'><em>media</em></span> <span class='ocrx_word' id='word_1_213' title='bbox 2268 2492 2561 2575; x_wconf 72' lang='lat' dir='ltr'><em>paqina.</em></span> <span class='ocrx_word' id='word_1_214' title='bbox 2650 2491 2717 2552; x_wconf 92' lang='lat' dir='ltr'><em>D</em></span> <span class='ocrx_word' id='word_1_215' title='bbox 2759 2491 2796 2553; x_wconf 95' lang='grc'><strong>1</strong></span> 
     </span>
     <span class='ocr_line' id='line_1_26' title="bbox 551 2571 2800 2657; baseline 0.001 -23"><span class='ocrx_word' id='word_1_216' title='bbox 551 2581 686 2635; x_wconf 90' lang='lat' dir='ltr'><em>tam</em></span> <span class='ocrx_word' id='word_1_217' title='bbox 726 2571 1017 2655; x_wconf 83' lang='lat' dir='ltr'><em>fideliter</em></span> <span class='ocrx_word' id='word_1_218' title='bbox 1071 2574 1408 2657; x_wconf 75' lang='lat' dir='ltr'><em>expressit,</em></span> <span class='ocrx_word' id='word_1_219' title='bbox 1463 2581 1538 2635; x_wconf 91' lang='lat' dir='ltr'><em>ut</em></span> <span class='ocrx_word' id='word_1_220' title='bbox 1595 2595 1637 2635; x_wconf 94' lang='lat' dir='ltr'><em>a</em></span> <span class='ocrx_word' id='word_1_221' title='bbox 1690 2582 1821 2637; x_wconf 89' lang='lat' dir='ltr'><em>erto</em></span> <span class='ocrx_word' id='word_1_222' title='bbox 1880 2594 2098 2637; x_wconf 86' lang='lat' dir='ltr'><em>errore</em></span> <span class='ocrx_word' id='word_1_223' title='bbox 2150 2576 2344 2638; x_wconf 89' lang='lat' dir='ltr'><em>etiam</em></span> <span class='ocrx_word' id='word_1_224' title='bbox 2438 2573 2679 2638; x_wconf 88' lang='lat' dir='ltr'><em>lossam</em></span> <span class='ocrx_word' id='word_1_225' title='bbox 2722 2576 2800 2638; x_wconf 89' lang='lat' dir='ltr'><em>in</em></span> 
     </span>
     <span class='ocr_line' id='line_1_27' title="bbox 552 2596 2437 2740; baseline 0.002 -23"><span class='ocrx_word' id='word_1_226' title='bbox 552 2665 793 2719; x_wconf 73' lang='lat' dir='ltr'><em>textum</em></span> <span class='ocrx_word' id='word_1_227' title='bbox 837 2655 1000 2736; x_wconf 91' lang='lat' dir='ltr'><strong><em>(III,</em></strong></span> <span class='ocrx_word' id='word_1_228' title='bbox 1046 2655 1121 2735; x_wconf 89' lang='lat'><em>9)</em></span> <span class='ocrx_word' id='word_1_229' title='bbox 1167 2657 1517 2740; x_wconf 88' lang='lat' dir='ltr'><em>receperit;</em></span> <span class='ocrx_word' id='word_1_230' title='bbox 1565 2596 1784 2739; x_wconf 67' lang='lat' dir='ltr'><em>efipN.</em></span> <span class='ocrx_word' id='word_1_231' title='bbox 1829 2654 2026 2720; x_wconf 91' lang='lat' dir='ltr'><em>Arch.</em></span> <span class='ocrx_word' id='word_1_232' title='bbox 2074 2656 2128 2736; x_wconf 93' lang='lat' dir='ltr'><em>I,</em></span> <span class='ocrx_word' id='word_1_233' title='bbox 2226 2703 2241 2720; x_wconf 95' lang='lat'><em>.</em></span> <span class='ocrx_word' id='word_1_234' title='bbox 2286 2597 2437 2721; x_wconf 69' lang='lat' dir='ltr'><em>546q</em></span> 
     </span>
    </p>

    <p class='ocr_par' dir='ltr' id='par_1_6' title="bbox 537 2680 2800 3409">
     <span class='ocr_line' id='line_1_28' title="bbox 720 2680 2795 2823; baseline 0.001 -21"><span class='ocrx_word' id='word_1_235' title='bbox 720 2738 859 2823; x_wconf 87' lang='lat'><strong>(34)</strong></span> <span class='ocrx_word' id='word_1_236' title='bbox 905 2739 973 2800; x_wconf 95' lang='lat' dir='ltr'><em>D</em></span> <span class='ocrx_word' id='word_1_237' title='bbox 1017 2738 1113 2800; x_wconf 71' lang='lat'><em>1¹³.</em></span> <span class='ocrx_word' id='word_1_238' title='bbox 1202 2737 1782 2802; x_wconf 80' lang='lat' dir='ltr'><em>Bruoeellensis</em></span> <span class='ocrx_word' id='word_1_239' title='bbox 1820 2740 1948 2804; x_wconf 93' lang='lat' dir='ltr'><em>Nr.</em></span> <span class='ocrx_word' id='word_1_240' title='bbox 1997 2680 2262 2821; x_wconf 39' lang='lat'>1839&amp;</span> <span class='ocrx_word' id='word_1_241' title='bbox 2321 2740 2475 2804; x_wconf 90' lang='lat' dir='ltr'><em>olim</em></span> <span class='ocrx_word' id='word_1_242' title='bbox 2522 2742 2795 2806; x_wconf 77' lang='lat' dir='ltr'><em>Trunci-</em></span> 
     </span>
     <span class='ocr_line' id='line_1_29' title="bbox 552 2822 2794 2906; baseline 0.001 -21"><span class='ocrx_word' id='word_1_243' title='bbox 552 2825 828 2901; x_wconf 86' lang='lat' dir='ltr'><em>niensis‚</em></span> <span class='ocrx_word' id='word_1_244' title='bbox 891 2831 1127 2906; x_wconf 65' lang='lat' dir='ltr'><em>postea</em></span> <span class='ocrx_word' id='word_1_245' title='bbox 1183 2822 1596 2886; x_wconf 83' lang='lat' dir='ltr'><em>bibliothecae</em></span> <span class='ocrx_word' id='word_1_246' title='bbox 1653 2823 1999 2888; x_wconf 86' lang='lat' dir='ltr'><em>Lammens</em></span> <span class='ocrx_word' id='word_1_247' title='bbox 2052 2823 2517 2888; x_wconf 75' lang='lat' dir='ltr'><em>Gandavensis</em></span> <span class='ocrx_word' id='word_1_248' title='bbox 2565 2823 2794 2889; x_wconf 87' lang='lat' dir='ltr'><em>illatus</em></span> 
     </span>
     <span class='ocr_line' id='line_1_30' title="bbox 554 2903 2796 2990; baseline 0.001 -21"><span class='ocrx_word' id='word_1_249' title='bbox 554 2905 677 2989; x_wconf 90' lang='lat' dir='ltr'><em>(cf.</em></span> <span class='ocrx_word' id='word_1_250' title='bbox 722 2903 919 2968; x_wconf 87' lang='lat' dir='ltr'><em>Arch.</em></span> <span class='ocrx_word' id='word_1_251' title='bbox 977 2905 1111 2984; x_wconf 94' lang='lat' dir='ltr'><strong><em>VII,</em></strong></span> <span class='ocrx_word' id='word_1_252' title='bbox 1148 2929 1222 2990; x_wconf 90' lang='lat' dir='ltr'><em>p.</em></span> <span class='ocrx_word' id='word_1_253' title='bbox 1268 2905 1448 2987; x_wconf 87' lang='lat'><strong><em>341),</em></strong></span> <span class='ocrx_word' id='word_1_254' title='bbox 1494 2906 1750 2970; x_wconf 84' lang='lat' dir='ltr'><em>membr.</em></span> <span class='ocrx_word' id='word_1_255' title='bbox 1795 2929 1847 2970; x_wconf 87' lang='lat' dir='ltr'><em>s.</em></span> <span class='ocrx_word' id='word_1_256' title='bbox 1891 2908 2043 2989; x_wconf 85' lang='lat' dir='ltr'><strong><em>XII,</em></strong></span> <span class='ocrx_word' id='word_1_257' title='bbox 2089 2907 2149 2971; x_wconf 86' lang='lat'><em>8.</em></span> <span class='ocrx_word' id='word_1_258' title='bbox 2238 2908 2574 2973; x_wconf 90' lang='lat' dir='ltr'><em>Historiae</em></span> <span class='ocrx_word' id='word_1_259' title='bbox 2618 2908 2796 2973; x_wconf 86' lang='lat' dir='ltr'><em>Lan-</em></span> 
     </span>
     <span class='ocr_line' id='line_1_31' title="bbox 552 2989 2798 3075; baseline 0.002 -22"><span class='ocrx_word' id='word_1_260' title='bbox 552 2989 994 3075; x_wconf 79' lang='lat' dir='ltr'><em>9obardorum</em></span> <span class='ocrx_word' id='word_1_261' title='bbox 1028 2990 1264 3053; x_wconf 88' lang='lat' dir='ltr'><em>addita</em></span> <span class='ocrx_word' id='word_1_262' title='bbox 1296 3000 1450 3053; x_wconf 90' lang='lat' dir='ltr'><em>sunt</em></span> <span class='ocrx_word' id='word_1_263' title='bbox 1476 2990 1639 3054; x_wconf 88' lang='lat' dir='ltr'><em>liber</em></span> <span class='ocrx_word' id='word_1_264' title='bbox 1678 2990 1947 3055; x_wconf 88' lang='lat' dir='ltr'><em>Victoris</em></span> <span class='ocrx_word' id='word_1_265' title='bbox 1986 2991 2259 3056; x_wconf 89' lang='lat' dir='ltr'><em>Vitensis</em></span> <span class='ocrx_word' id='word_1_266' title='bbox 2302 3001 2360 3056; x_wconf 88' lang='lat' dir='ltr'><em>et</em></span> <span class='ocrx_word' id='word_1_267' title='bbox 2388 2991 2798 3057; x_wconf 88' lang='lat' dir='ltr'><em>Arianorum</em></span> 
     </span>
     <span class='ocr_line' id='line_1_32' title="bbox 553 3071 2797 3161; baseline 0.002 -25"><span class='ocrx_word' id='word_1_268' title='bbox 553 3071 875 3155; x_wconf 87' lang='lat' dir='ltr'><em>confessio</em></span> <span class='ocrx_word' id='word_1_269' title='bbox 931 3096 1074 3136; x_wconf 91' lang='lat' dir='ltr'><em>cum</em></span> <span class='ocrx_word' id='word_1_270' title='bbox 1131 3072 1531 3157; x_wconf 84' lang='lat' dir='ltr'><em>refutatione</em></span> <span class='ocrx_word' id='word_1_271' title='bbox 1587 3074 1971 3160; x_wconf 73' lang='lat' dir='ltr'><em>Auyustini.</em></span> <span class='ocrx_word' id='word_1_272' title='bbox 2059 3076 2321 3139; x_wconf 78' lang='lat' dir='ltr'><em>Indices</em></span> <span class='ocrx_word' id='word_1_273' title='bbox 2350 3100 2481 3161; x_wconf 89' lang='lat' dir='ltr'><em>per</em></span> <span class='ocrx_word' id='word_1_274' title='bbox 2524 3079 2632 3140; x_wconf 87' lang='lat' dir='ltr'><em>sin</em></span> <span class='ocrx_word' id='word_1_275' title='bbox 2681 3077 2797 3140; x_wconf 92' lang='lat' dir='ltr'><em>ula</em></span> 
     </span>
     <span class='ocr_line' id='line_1_33' title="bbox 553 3100 2800 3244; baseline 0.001 -25"><span class='ocrx_word' id='word_1_276' title='bbox 553 3157 780 3240; x_wconf 87' lang='lat' dir='ltr'><em>capita</em></span> <span class='ocrx_word' id='word_1_277' title='bbox 802 3158 1047 3241; x_wconf 87' lang='lat' dir='ltr'><em>sparsi.</em></span> <span class='ocrx_word' id='word_1_278' title='bbox 1077 3157 1449 3221; x_wconf 88' lang='lat' dir='ltr'><em>Bethmann</em></span> <span class='ocrx_word' id='word_1_279' title='bbox 1458 3161 1878 3244; x_wconf 78' lang='lat' dir='ltr'><em>praecipuas</em></span> <span class='ocrx_word' id='word_1_280' title='bbox 1896 3158 2217 3241; x_wconf 89' lang='lat' dir='ltr'><em>lectiones,</em></span> <span class='ocrx_word' id='word_1_281' title='bbox 2243 3159 2415 3223; x_wconf 91' lang='lat' dir='ltr'><em>alias</em></span> <span class='ocrx_word' id='word_1_282' title='bbox 2438 3159 2565 3222; x_wconf 90' lang='lat' dir='ltr'><em>Dr.</em></span> <span class='ocrx_word' id='word_1_283' title='bbox 2578 3100 2800 3224; x_wconf 53' lang='lat' dir='ltr'><em>Hgller</em></span> 
     </span>
     <span class='ocr_line' id='line_1_34' title="bbox 552 3239 2797 3326; baseline 0.002 -23"><span class='ocrx_word' id='word_1_284' title='bbox 552 3241 855 3303; x_wconf 83' lang='lat' dir='ltr'><em>enotavit.</em></span> <span class='ocrx_word' id='word_1_285' title='bbox 922 3239 1100 3304; x_wconf 89' lang='lat' dir='ltr'><em>Inter</em></span> <span class='ocrx_word' id='word_1_286' title='bbox 1144 3263 1311 3326; x_wconf 78' lang='lat' dir='ltr'><em>quas</em></span> <span class='ocrx_word' id='word_1_287' title='bbox 1353 3264 1495 3305; x_wconf 89' lang='lat' dir='ltr'><em>una</em></span> <span class='ocrx_word' id='word_1_288' title='bbox 1537 3251 1629 3306; x_wconf 89' lang='lat' dir='ltr'><em>est</em></span> <span class='ocrx_word' id='word_1_289' title='bbox 1670 3243 1824 3325; x_wconf 92' lang='lat' dir='ltr'><strong><em>(IV,</em></strong></span> <span class='ocrx_word' id='word_1_290' title='bbox 1854 3242 1993 3323; x_wconf 84' lang='grc'><em>22),</em></span> <span class='ocrx_word' id='word_1_291' title='bbox 2079 3264 2207 3305; x_wconf 93' lang='lat' dir='ltr'><em>uae</em></span> <span class='ocrx_word' id='word_1_292' title='bbox 2249 3245 2531 3307; x_wconf 81' lang='lat' dir='ltr'><em>codicem</em></span> <span class='ocrx_word' id='word_1_293' title='bbox 2576 3253 2648 3307; x_wconf 91' lang='lat' dir='ltr'><em>ut</em></span> <span class='ocrx_word' id='word_1_294' title='bbox 2689 3245 2797 3308; x_wconf 92' lang='lat' dir='ltr'><em>hic</em></span> 
     </span>
     <span class='ocr_line' id='line_1_35' title="bbox 537 3324 2795 3409; baseline 0.001 -22"><span class='ocrx_word' id='word_1_295' title='bbox 537 3345 877 3408; x_wconf 88' lang='lat' dir='ltr'><em>ponamus</em></span> <span class='ocrx_word' id='word_1_296' title='bbox 905 3324 1176 3406; x_wconf 88' lang='lat' dir='ltr'><em>suadet;</em></span> <span class='ocrx_word' id='word_1_297' title='bbox 1207 3327 1509 3409; x_wconf 79' lang='lat' dir='ltr'><em>quamvis</em></span> <span class='ocrx_word' id='word_1_298' title='bbox 1546 3325 1679 3391; x_wconf 88' lang='lat' dir='ltr'><em>alio</em></span> <span class='ocrx_word' id='word_1_299' title='bbox 1701 3324 1837 3390; x_wconf 94' lang='lat' dir='ltr'><em>loco</em></span> <span class='ocrx_word' id='word_1_300' title='bbox 1903 3326 1957 3405; x_wconf 94' lang='lat' dir='ltr'><em>I,</em></span> <span class='ocrx_word' id='word_1_301' title='bbox 1981 3327 2022 3389; x_wconf 93' lang='grc'><strong>2</strong></span> <span class='ocrx_word' id='word_1_302' title='bbox 2064 3329 2265 3407; x_wconf 86' lang='lat' dir='ltr'><em>)cum</em></span> <span class='ocrx_word' id='word_1_303' title='bbox 2286 3326 2412 3389; x_wconf 89' lang='lat' dir='ltr'><em>D3</em></span> <span class='ocrx_word' id='word_1_304' title='bbox 2435 3329 2795 3391; x_wconf 90' lang='lat' dir='ltr'><em>conveniat.</em></span> 
     </span>
    </p>

    <p class='ocr_par' dir='ltr' id='par_1_7' title="bbox 548 3406 2796 3989">
     <span class='ocr_line' id='line_1_36' title="bbox 718 3406 2793 3493; baseline 0.001 -23"><span class='ocrx_word' id='word_1_305' title='bbox 718 3406 857 3493; x_wconf 83' lang='lat'>(35)</span> <span class='ocrx_word' id='word_1_306' title='bbox 904 3408 971 3469; x_wconf 97' lang='lat' dir='ltr'><em>D</em></span> <span class='ocrx_word' id='word_1_307' title='bbox 1000 3407 1059 3470; x_wconf 84' lang='lat'><em>2.</em></span> <span class='ocrx_word' id='word_1_308' title='bbox 1127 3408 1409 3474; x_wconf 89' lang='lat' dir='ltr'><em>Parisi</em></span> <span class='ocrx_word' id='word_1_309' title='bbox 1422 3433 1511 3474; x_wconf 91' lang='lat' dir='ltr'><em>en</em></span> <span class='ocrx_word' id='word_1_310' title='bbox 1527 3411 1647 3473; x_wconf 87' lang='lat' dir='ltr'><em>sis</em></span> <span class='ocrx_word' id='word_1_311' title='bbox 1687 3409 1814 3472; x_wconf 91' lang='lat' dir='ltr'><em>Nr.</em></span> <span class='ocrx_word' id='word_1_312' title='bbox 1888 3408 2033 3491; x_wconf 81' lang='lat'><strong><em>872,</em></strong></span> <span class='ocrx_word' id='word_1_313' title='bbox 2080 3408 2232 3472; x_wconf 89' lang='lat' dir='ltr'><em>olim</em></span> <span class='ocrx_word' id='word_1_314' title='bbox 2258 3408 2533 3472; x_wconf 92' lang='lat' dir='ltr'><em>Nicolai</em></span> <span class='ocrx_word' id='word_1_315' title='bbox 2558 3410 2793 3492; x_wconf 83' lang='lat' dir='ltr'><em>Favre,</em></span> 
     </span>
     <span class='ocr_line' id='line_1_37' title="bbox 548 3489 2794 3577; baseline 0 -21"><span class='ocrx_word' id='word_1_316' title='bbox 548 3491 802 3556; x_wconf 89' lang='lat' dir='ltr'><em>membr.</em></span> <span class='ocrx_word' id='word_1_317' title='bbox 847 3513 898 3555; x_wconf 90' lang='lat' dir='ltr'><em>s.</em></span> <span class='ocrx_word' id='word_1_318' title='bbox 929 3491 1043 3572; x_wconf 90' lang='lat' dir='ltr'><em>XI,</em></span> <span class='ocrx_word' id='word_1_319' title='bbox 1088 3492 1294 3562; x_wconf 87' lang='lat' dir='ltr'><em>solum</em></span> <span class='ocrx_word' id='word_1_320' title='bbox 1326 3492 1612 3556; x_wconf 90' lang='lat' dir='ltr'><em>Paulum</em></span> <span class='ocrx_word' id='word_1_321' title='bbox 1654 3494 1955 3577; x_wconf 89' lang='lat' dir='ltr'><em>continet.</em></span> <span class='ocrx_word' id='word_1_322' title='bbox 2036 3489 2235 3565; x_wconf 82' lang='lat' dir='ltr'><em>Quem</em></span> <span class='ocrx_word' id='word_1_323' title='bbox 2264 3494 2415 3577; x_wconf 84' lang='lat' dir='ltr'><em>jam</em></span> <span class='ocrx_word' id='word_1_324' title='bbox 2447 3501 2595 3556; x_wconf 89' lang='lat' dir='ltr'><em>ante</em></span> <span class='ocrx_word' id='word_1_325' title='bbox 2626 3492 2794 3576; x_wconf 88' lang='lat' dir='ltr'><em>plus</em></span> 
     </span>
     <span class='ocr_line' id='line_1_38' title="bbox 550 3574 2794 3660; baseline 0.001 -21"><span class='ocrx_word' id='word_1_326' title='bbox 550 3599 746 3660; x_wconf 78' lang='lat' dir='ltr'><em>quam</em></span> <span class='ocrx_word' id='word_1_327' title='bbox 783 3574 868 3638; x_wconf 77' lang='lat'><em>50</em></span> <span class='ocrx_word' id='word_1_328' title='bbox 913 3597 1124 3640; x_wconf 84' lang='lat' dir='ltr'><em>annos</em></span> <span class='ocrx_word' id='word_1_329' title='bbox 1165 3576 1218 3641; x_wconf 78' lang='lat' dir='ltr'><strong><em>S</em></strong></span> <span class='ocrx_word' id='word_1_330' title='bbox 1270 3576 1443 3642; x_wconf 70' lang='lat' dir='ltr'><em>orlin</em></span> <span class='ocrx_word' id='word_1_331' title='bbox 1486 3579 1561 3640; x_wconf 91' lang='lat' dir='ltr'><em>in</em></span> <span class='ocrx_word' id='word_1_332' title='bbox 1604 3598 1765 3640; x_wconf 91' lang='lat' dir='ltr'><em>usus</em></span> <span class='ocrx_word' id='word_1_333' title='bbox 1806 3598 2012 3639; x_wconf 86' lang='lat' dir='ltr'><em>novae</em></span> <span class='ocrx_word' id='word_1_334' title='bbox 2055 3575 2363 3639; x_wconf 88' lang='lat' dir='ltr'><em>editionis</em></span> <span class='ocrx_word' id='word_1_335' title='bbox 2404 3584 2603 3639; x_wconf 90' lang='lat' dir='ltr'><em>totum</em></span> <span class='ocrx_word' id='word_1_336' title='bbox 2645 3600 2794 3641; x_wconf 90' lang='lat' dir='ltr'><em>cum</em></span> 
     </span>
     <span class='ocr_line' id='line_1_39' title="bbox 549 3658 2796 3743; baseline 0 -19"><span class='ocrx_word' id='word_1_337' title='bbox 549 3661 742 3724; x_wconf 89' lang='lat' dir='ltr'><em>editis</em></span> <span class='ocrx_word' id='word_1_338' title='bbox 801 3660 1089 3723; x_wconf 90' lang='lat' dir='ltr'><em>contulit.</em></span> <span class='ocrx_word' id='word_1_339' title='bbox 1240 3669 1382 3724; x_wconf 89' lang='lat' dir='ltr'><em>nter</em></span> <span class='ocrx_word' id='word_1_340' title='bbox 1429 3661 1499 3723; x_wconf 99' lang='lat' dir='ltr'><em>D</em></span> <span class='ocrx_word' id='word_1_341' title='bbox 1543 3662 1575 3723; x_wconf 91' lang='lat'>1</span> <span class='ocrx_word' id='word_1_342' title='bbox 1635 3668 1693 3723; x_wconf 89' lang='lat' dir='ltr'><em>et</em></span> <span class='ocrx_word' id='word_1_343' title='bbox 1737 3659 1779 3722; x_wconf 85' lang='lat'><strong>3</strong></span> <span class='ocrx_word' id='word_1_344' title='bbox 1833 3661 2115 3723; x_wconf 88' lang='lat' dir='ltr'><em>medium</em></span> <span class='ocrx_word' id='word_1_345' title='bbox 2154 3658 2308 3743; x_wconf 89' lang='lat' dir='ltr'><em>fere</em></span> <span class='ocrx_word' id='word_1_346' title='bbox 2364 3659 2573 3724; x_wconf 90' lang='lat' dir='ltr'><em>locum</em></span> <span class='ocrx_word' id='word_1_347' title='bbox 2629 3669 2796 3725; x_wconf 78' lang='lat' dir='ltr'><em>tenet</em></span> 
     </span>
     <span class='ocr_line' id='line_1_40' title="bbox 551 3741 2790 3845; baseline 0.001 -40"><span class='ocrx_word' id='word_1_348' title='bbox 551 3743 726 3825; x_wconf 91' lang='lat' dir='ltr'><strong><em>(III,</em></strong></span> <span class='ocrx_word' id='word_1_349' title='bbox 771 3741 868 3804; x_wconf 89' lang='grc'><em>18.</em></span> <span class='ocrx_word' id='word_1_350' title='bbox 913 3742 1224 3807; x_wconf 90' lang='lat' dir='ltr'><em>lacunam</em></span> <span class='ocrx_word' id='word_1_351' title='bbox 1270 3745 1455 3808; x_wconf 90' lang='lat' dir='ltr'><em>habet</em></span> <span class='ocrx_word' id='word_1_352' title='bbox 1484 3766 1631 3809; x_wconf 88' lang='lat' dir='ltr'><em>cum</em></span> <span class='ocrx_word' id='word_1_353' title='bbox 1660 3742 1784 3808; x_wconf 90' lang='lat' dir='ltr'><em>reli</em></span> <span class='ocrx_word' id='word_1_354' title='bbox 1827 3746 1931 3808; x_wconf 87' lang='lat' dir='ltr'><em>uis</em></span> <span class='ocrx_word' id='word_1_355' title='bbox 1962 3745 2161 3845; x_wconf 63' lang='lat' dir='ltr'><em>hujus</em></span> <span class='ocrx_word' id='word_1_356' title='bbox 2190 3743 2421 3808; x_wconf 88' lang='lat' dir='ltr'><em>classis</em></span> <span class='ocrx_word' id='word_1_357' title='bbox 2465 3744 2790 3808; x_wconf 88' lang='lat' dir='ltr'><em>codicibus</em></span> 
     </span>
     <span class='ocr_line' id='line_1_41' title="bbox 551 3767 2787 3989; baseline 0.001 -100"><span class='ocrx_word' id='word_1_358' title='bbox 551 3847 981 3989; x_wconf 43' lang='lat' dir='ltr'><em>commussem5</em></span> <span class='ocrx_word' id='word_1_359' title='bbox 1033 3827 1156 3908; x_wconf 91' lang='lat' dir='ltr'><em>IV,</em></span> <span class='ocrx_word' id='word_1_360' title='bbox 1202 3826 1303 3889; x_wconf 91' lang='grc'><em>21.</em></span> <span class='ocrx_word' id='word_1_361' title='bbox 1361 3826 1573 3891; x_wconf 83' lang='lat' dir='ltr'><em>verbis</em></span> <span class='ocrx_word' id='word_1_362' title='bbox 1632 3831 1706 3891; x_wconf 91' lang='lat' dir='ltr'><em>in</em></span> <span class='ocrx_word' id='word_1_363' title='bbox 1766 3767 1882 3893; x_wconf 58' lang='grc' dir='ltr'><em>ἕοσ</em></span> <span class='ocrx_word' id='word_1_364' title='bbox 1929 3831 2182 3893; x_wconf 75' lang='lat' dir='ltr'><em>omissis</em></span> <span class='ocrx_word' id='word_1_365' title='bbox 2228 3826 2366 3891; x_wconf 91' lang='lat' dir='ltr'><em>alia</em></span> <span class='ocrx_word' id='word_1_366' title='bbox 2408 3826 2514 3891; x_wconf 92' lang='lat' dir='ltr'><em>illi</em></span> <span class='ocrx_word' id='word_1_367' title='bbox 2557 3829 2787 3892; x_wconf 89' lang='lat' dir='ltr'><em>substi-</em></span> 
     </span>
     <span class='ocr_line' id='line_1_42' title="bbox 549 3918 867 3974; baseline 0.003 -3"><span class='ocrx_word' id='word_1_368' title='bbox 549 3918 815 3974; x_wconf 88' lang='lat' dir='ltr'><em>tuerunt</em></span> <span class='ocrx_word' id='word_1_369' title='bbox 853 3957 867 3973; x_wconf 89' lang='lat'><em>.</em></span> 
     </span>
    </p>
   </div>
   <div class='ocr_carea' id='block_1_3' title="bbox 550 4045 2788 4186">
    <p class='ocr_par' dir='ltr' id='par_1_8' title="bbox 550 4045 2788 4186">
     <span class='ocr_line' id='line_1_43' title="bbox 555 4045 2787 4115; baseline 0 -18"><span class='ocrx_word' id='word_1_370' title='bbox 555 4047 609 4115; x_wconf 92' lang='lat'><em>1)</em></span> <span class='ocrx_word' id='word_1_371' title='bbox 653 4048 726 4100; x_wconf 91' lang='lat' dir='ltr'><em>N.</em></span> <span class='ocrx_word' id='word_1_372' title='bbox 766 4045 927 4099; x_wconf 85' lang='lat' dir='ltr'><em>Arch.</em></span> <span class='ocrx_word' id='word_1_373' title='bbox 967 4048 1018 4111; x_wconf 83' lang='grc' dir='ltr'><em>Ι,</em></span> <span class='ocrx_word' id='word_1_374' title='bbox 1046 4065 1110 4112; x_wconf 91' lang='lat' dir='ltr'><em>p.</em></span> <span class='ocrx_word' id='word_1_375' title='bbox 1151 4048 1276 4110; x_wconf 80' lang='lat'><strong><em>545,</em></strong></span> <span class='ocrx_word' id='word_1_376' title='bbox 1313 4046 1706 4097; x_wconf 85' lang='lat' dir='ltr'><em>Bethmannum</em></span> <span class='ocrx_word' id='word_1_377' title='bbox 1744 4056 1965 4109; x_wconf 87' lang='lat' dir='ltr'><em>secutus,</em></span> <span class='ocrx_word' id='word_1_378' title='bbox 2007 4049 2073 4099; x_wconf 88' lang='lat' dir='ltr'><em>de</em></span> <span class='ocrx_word' id='word_1_379' title='bbox 2110 4064 2215 4098; x_wconf 90' lang='lat' dir='ltr'><em>uno</em></span> <span class='ocrx_word' id='word_1_380' title='bbox 2255 4054 2458 4096; x_wconf 85' lang='lat' dir='ltr'><em>tantum</em></span> <span class='ocrx_word' id='word_1_381' title='bbox 2498 4055 2787 4099; x_wconf 81' lang='lat' dir='ltr'><em>correctore</em></span> 
     </span>
     <span class='ocr_line' id='line_1_44' title="bbox 550 4117 2788 4186; baseline -0.001 -15"><span class='ocrx_word' id='word_1_382' title='bbox 550 4120 683 4182; x_wconf 75' lang='lat' dir='ltr'><em>dixi,</em></span> <span class='ocrx_word' id='word_1_383' title='bbox 724 4122 819 4171; x_wconf 81' lang='lat' dir='ltr'><em>sed</em></span> <span class='ocrx_word' id='word_1_384' title='bbox 845 4123 1034 4186; x_wconf 84' lang='lat' dir='ltr'><em>plures</em></span> <span class='ocrx_word' id='word_1_385' title='bbox 1072 4119 1447 4171; x_wconf 86' lang='lat' dir='ltr'><em>discernendos</em></span> <span class='ocrx_word' id='word_1_386' title='bbox 1474 4135 1600 4182; x_wconf 84' lang='lat' dir='ltr'><em>esse,</em></span> <span class='ocrx_word' id='word_1_387' title='bbox 1628 4127 1755 4184; x_wconf 84' lang='lat' dir='ltr'><em>post</em></span> <span class='ocrx_word' id='word_1_388' title='bbox 1780 4121 1954 4171; x_wconf 88' lang='lat' dir='ltr'><em>codice</em></span> <span class='ocrx_word' id='word_1_389' title='bbox 1991 4121 2221 4185; x_wconf 84' lang='lat' dir='ltr'><em>inspecto</em></span> <span class='ocrx_word' id='word_1_390' title='bbox 2260 4117 2511 4181; x_wconf 79' lang='lat' dir='ltr'><em>intellexi,</em></span> <span class='ocrx_word' id='word_1_391' title='bbox 2550 4117 2644 4185; x_wconf 81' lang='lat' dir='ltr'><em>qui</em></span> <span class='ocrx_word' id='word_1_392' title='bbox 2682 4128 2788 4170; x_wconf 86' lang='lat' dir='ltr'><em>tam</em></span> 
     </span>
    </p>
   </div>
   <div class='ocr_carea' id='block_1_4' title="bbox 548 4191 2786 4402">
    <p class='ocr_par' dir='ltr' id='par_1_9' title="bbox 548 4191 2786 4402">
     <span class='ocr_line' id='line_1_45' title="bbox 550 4191 2786 4259; baseline 0 -16"><span class='ocrx_word' id='word_1_393' title='bbox 550 4194 847 4245; x_wconf 86' lang='lat' dir='ltr'><em>litterarum</em></span> <span class='ocrx_word' id='word_1_394' title='bbox 868 4194 1060 4259; x_wconf 85' lang='lat' dir='ltr'><em>forma</em></span> <span class='ocrx_word' id='word_1_395' title='bbox 1083 4209 1244 4258; x_wconf 80' lang='lat' dir='ltr'><em>quam</em></span> <span class='ocrx_word' id='word_1_396' title='bbox 1282 4200 1574 4242; x_wconf 85' lang='lat' dir='ltr'><em>atramento</em></span> <span class='ocrx_word' id='word_1_397' title='bbox 1613 4192 1765 4244; x_wconf 89' lang='lat' dir='ltr'><em>modo</em></span> <span class='ocrx_word' id='word_1_398' title='bbox 1803 4193 1955 4259; x_wconf 66' lang='lat' dir='ltr'><em>nigro</em></span> <span class='ocrx_word' id='word_1_399' title='bbox 1992 4192 2145 4243; x_wconf 88' lang='lat' dir='ltr'><em>modo</em></span> <span class='ocrx_word' id='word_1_400' title='bbox 2169 4193 2332 4257; x_wconf 87' lang='lat' dir='ltr'><em>fusco</em></span> <span class='ocrx_word' id='word_1_401' title='bbox 2370 4192 2507 4243; x_wconf 85' lang='lat' dir='ltr'><em>inter</em></span> <span class='ocrx_word' id='word_1_402' title='bbox 2543 4209 2598 4244; x_wconf 84' lang='lat' dir='ltr'><em>se</em></span> <span class='ocrx_word' id='word_1_403' title='bbox 2636 4191 2786 4257; x_wconf 74' lang='lat' dir='ltr'><em>diffe-</em></span> 
     </span>
     <span class='ocr_line' id='line_1_46' title="bbox 548 4263 2786 4331; baseline 0 -16"><span class='ocrx_word' id='word_1_404' title='bbox 548 4274 694 4315; x_wconf 87' lang='lat' dir='ltr'><em>runt.</em></span> <span class='ocrx_word' id='word_1_405' title='bbox 844 4263 904 4331; x_wconf 82' lang='lat'><em>2)</em></span> <span class='ocrx_word' id='word_1_406' title='bbox 946 4265 1015 4315; x_wconf 90' lang='lat' dir='ltr'><em>N.</em></span> <span class='ocrx_word' id='word_1_407' title='bbox 1053 4263 1252 4315; x_wconf 80' lang='lat' dir='ltr'><em>Archiv</em></span> <span class='ocrx_word' id='word_1_408' title='bbox 1290 4263 1340 4328; x_wconf 92' lang='lat' dir='ltr'><em>I,</em></span> <span class='ocrx_word' id='word_1_409' title='bbox 1374 4282 1431 4329; x_wconf 81' lang='lat' dir='ltr'><em>p.</em></span> <span class='ocrx_word' id='word_1_410' title='bbox 1472 4265 1597 4314; x_wconf 80' lang='lat'><em>546.</em></span> <span class='ocrx_word' id='word_1_411' title='bbox 1643 4265 1737 4314; x_wconf 90' lang='lat' dir='ltr'><em>sub</em></span> <span class='ocrx_word' id='word_1_412' title='bbox 1775 4264 1923 4331; x_wconf 74' lang='lat' dir='ltr'><em>siqno</em></span> <span class='ocrx_word' id='word_1_413' title='bbox 1961 4264 2017 4314; x_wconf 92' lang='lat' dir='ltr'><em>D</em></span> <span class='ocrx_word' id='word_1_414' title='bbox 2058 4266 2086 4313; x_wconf 79' lang='lat'>7</span> <span class='ocrx_word' id='word_1_415' title='bbox 2128 4265 2411 4317; x_wconf 79' lang='lat' dir='ltr'><em>indicatus.</em></span> <span class='ocrx_word' id='word_1_416' title='bbox 2564 4266 2620 4329; x_wconf 80' lang='lat'><em>3)</em></span> <span class='ocrx_word' id='word_1_417' title='bbox 2662 4265 2786 4316; x_wconf 84' lang='lat' dir='ltr'><em>Non</em></span> 
     </span>
     <span class='ocr_line' id='line_1_47' title="bbox 554 4336 1945 4402; baseline 0.001 -16"><span class='ocrx_word' id='word_1_418' title='bbox 554 4337 749 4401; x_wconf 82' lang='lat'><em>184&#39;77,</em></span> <span class='ocrx_word' id='word_1_419' title='bbox 788 4346 847 4387; x_wconf 90' lang='lat' dir='ltr'><em>ut</em></span> <span class='ocrx_word' id='word_1_420' title='bbox 882 4337 1045 4389; x_wconf 86' lang='lat' dir='ltr'><em>Arch.</em></span> <span class='ocrx_word' id='word_1_421' title='bbox 1098 4336 1259 4400; x_wconf 88' lang='lat' dir='ltr'><strong><em>VIII,</em></strong></span> <span class='ocrx_word' id='word_1_422' title='bbox 1289 4354 1351 4402; x_wconf 84' lang='lat' dir='ltr'><em>p.</em></span> <span class='ocrx_word' id='word_1_423' title='bbox 1395 4338 1520 4387; x_wconf 80' lang='lat'><em>546.</em></span> <span class='ocrx_word' id='word_1_424' title='bbox 1560 4337 1813 4401; x_wconf 77' lang='lat' dir='ltr'><em>scriptum</em></span> <span class='ocrx_word' id='word_1_425' title='bbox 1852 4346 1945 4389; x_wconf 88' lang='lat' dir='ltr'><em>est.</em></span> 
     </span>
    </p>
   </div>
   <div class='ocr_carea' id='block_1_5' title="bbox 3020 697 3023 1742">
    <p class='ocr_par' dir='ltr' id='par_1_10' title="bbox 3020 697 3023 1742">
     <span class='ocr_line' id='line_1_48' title="bbox 3020 697 3023 1742; baseline 0 0"><span class='ocrx_word' id='word_1_426' title='bbox 3020 697 3023 1742; x_wconf 95' lang='lat' dir='ltr'><em> </em></span> 
     </span>
    </p>
   </div>
   <div class='ocr_carea' id='block_1_6' title="bbox 3020 1483 3023 2390">
    <p class='ocr_par' dir='ltr' id='par_1_11' title="bbox 3020 1483 3023 2390">
     <span class='ocr_line' id='line_1_49' title="bbox 3020 1483 3023 2390; baseline 0 0"><span class='ocrx_word' id='word_1_427' title='bbox 3020 1483 3023 2390; x_wconf 95' lang='lat' dir='ltr'><em> </em></span> 
     </span>
    </p>
   </div>
   <div class='ocr_carea' id='block_1_7' title="bbox 3020 1483 3023 3416">
    <p class='ocr_par' dir='ltr' id='par_1_12' title="bbox 3020 1483 3023 3416">
     <span class='ocr_line' id='line_1_50' title="bbox 3020 1483 3023 3416; baseline 0 0"><span class='ocrx_word' id='word_1_428' title='bbox 3020 1483 3023 3416; x_wconf 95' lang='lat' dir='ltr'><em> </em></span> 
     </span>
    </p>
   </div>
   <div class='ocr_carea' id='block_1_8' title="bbox 3020 3727 3024 4905">
    <p class='ocr_par' dir='ltr' id='par_1_13' title="bbox 3020 3727 3024 4905">
     <span class='ocr_line' id='line_1_51' title="bbox 3020 3727 3024 4905; baseline 0 0"><span class='ocrx_word' id='word_1_429' title='bbox 3020 3727 3024 4905; x_wconf 95' lang='lat' dir='ltr'><em> </em></span> 
     </span>
    </p>
   </div>
  </div>
 </body>
</html>
