3042 4909
421 396 645 449 PAULI
687 395 1036 450 HISTORIA
1056 397 1744 451 ffiANGOBARDoRUM.
1820 399 1962 452 LIB.
2002 400 2097 452 IV.
2305 400 2407 452 1⁷5

191 572 395 650 peret,
441 565 552 651 qui
594 572 799 630 aetate
843 572 1150 649 maturus,
1195 564 1454 630 consilio
1497 565 1808 652 providus
1838 573 1902 631 et
1934 566 2177 631 viribus
2221 565 2430 632 fortis⁸

189 647 510 713 existeret.
599 646 933 713 Grimuald
977 647 1134 714 haec
1175 648 1473 732 audiens,
1517 670 1673 714 mox
1713 650 1997 714 animum
2039 650 2120 714 ad
2163 672 2426 735 regnum

190 729 765 818 Langobardorum
841 730 1259 798 obtinendum
1316 733 1535 798 erexit.
1646 731 2195 820 ordinatumqueb
2276 742 2430 819 aput

189 813 633 880 Beneventum
695 814 1163 881 Romualdume
1232 838 1417 880 suum
1482 815 1685 880 filium
1753 816 2015 900 ducem,
2081 818 2219 902 ipse
2283 837 2428 880 cum

192 896 427 963 electad
470 920 664 963 manu
694 899 992 963 Ticinum
1035 899 1435 985 profecturus
1479 900 1601 965 iter
1628 901 1913 986 arripuit,
1957 922 2034 964 ac
2063 922 2180 987 per
2210 922 2429 965 omnes

190 981 497 1063 civitatee,
540 1004 658 1068 per
702 1003 861 1081 quas
903 983 1077 1049 viam
1095 996 1119 1027 0
1162 983 1404 1067 habuit,
1449 983 1573 1048 sibi
1592 984 1833 1049 amicos
1862 992 1925 1049 et
1952 983 2271 1049 adiutores
2316 981 2432 1048 ads

186 1086 459 1150 regnum
488 1064 968 1151 peroip1endum
992 1067 1281 1132 adscivit.
1325 1067 1925 1132 Transemundumss
1947 1089 2101 1133 vero
2133 1068 2433 1133 comitem

190 1145 569 1246 Capuanum
612 1171 728 1235 per
771 1149 1169 1236 Spoletiuml‘
1215 1160 1278 1215 et
1320 1151 1620 1215 Tusciam
1666 1151 1931 1235 direxit,
1976 1162 2047 1217 ut
2090 1152 2226 1216 eius
2268 1150 2433 1236 regi-

191 1232 366 1296 omsi
432 1232 890 1318 Langobardos
946 1256 1062 1299 suo
1118 1235 1434 1299 consortio
1488 1244 1833 1322 coaptaret.
1937 1236 2066 1317 Qui
2122 1235 2434 1321 imperata

189 1315 315 1381 sibi
358 1324 610 1381 strenue
654 1317 1010 1404 perficiens,
1055 1319 1113 1382 ei
1145 1341 1293 1383 cum
1336 1317 1552 1384 multis
1596 1317 1991 1384 adiutoribus
2033 1328 2191 1405 aput
2218 1317 2431 1382 Aemi-

187 1397 342 1462 liam
369 1398 438 1462 in
454 1400 485 1442 ¹¹
514 1400 738 1466 itinere
770 1403 1062 1467 occurrit.
1125 1401 1333 1488 Igitur
1356 1400 1712 1486 Grimuald,
1757 1424 1899 1467 cum
1942 1424 2141 1488 prope
2170 1400 2431 1466 Placen-

188 1482 345 1547 tiam
378 1503 522 1548 cum
565 1482 829 1550 robusta
878 1486 1166 1550 virorum
1217 1483 1623 1552 multitudine
1673 1486 2081 1562 advenisset¹,
2139 1482 2429 1570 Garipal-

189 1566 382 1648 dum,
443 1568 555 1653 qui
603 1568 852 1654 legatus
905 1568 989 1634 ad
1033 1592 1181 1634 eum
1223 1570 1455 1635 missus
1485 1590 1525 1632 a
1570 1569 1935 1656 Godeperto
1981 1568 2268 1651 fueratm,
2326 1567 2433 1631 Ti·

191 1651 404 1714 cinum
433 1653 778 1736 praemisit,
809 1659 881 1718 ut
911 1653 1118 1719 eidem
1153 1652 1521 1739 Godeperto
1560 1654 1682 1718 den
1728 1675 1844 1719 suo
1874 1650 2155 1718 adventu
2180 1653 2431 1716 nuntia-

188 1742 306 1799 ret.
374 1735 503 1816 Qui
534 1735 615 1800 ad
648 1736 1126 1824 Godepertum⁰
1174 1738 1452 1821 veniens,
1486 1736 1933 1803 Grimualdum
1964 1737 2151 1801 citius
2196 1735 2432 1800 adven-

187 1827 327 1883 tare
370 1817 550 1883 dixit.
640 1818 804 1885 Oum
851 1843 932 1886 ue
965 1819 1295 1907 Godepert
1323 1821 1404 1887 ab
1435 1842 1511 1888 eo
1544 1830 1875 1906 quaereret
1888 1832 1937 1903 1³,
1983 1834 2151 1906 quoq
2193 1820 2260 1883 in
2288 1818 2430 1884 loco

190 1901 399 1968 eidem
436 1901 808 1969 Grimualdo
885 1905 1184 1992 ospitium
1214 1917 1473 1991 parare?
1521 1903 1781 1971 deberet
1835 1902 2178 1990 Garipald³
2218 1903 2309 1968 ita
2336 1924 2431 1966 re-

122 2049 139 2062 ,
191 1986 480 2073 spondit:
534 1987 707 2074 quod
765 1988 1030 2074 dignum
1090 1998 1272 2071 esset,
1334 1997 1406 2052 ut
1463 1952 1896 2069 Grimualdus,
1964 1988 2073 2074 qui
2126 2008 2245 2073 pro
2297 1987 2433 2051 eius

192 2091 385 2134 causa
434 2079 697 2135 venerat
752 2073 1017 2158 eiusque
1072 2094 1353 2137 sororem
1412 2082 1787 2158 accepturus
1854 2080 2038 2153 esset,
2081 2068 2430 2155 hospitium

189 2154 357 2218 intra
385 2153 723 2254 palatiumt
773 2156 1052 2221 haberet.
1127 2154 1320 2236 Quod
1348 2155 1438 2219 ita
1479 2176 1735 2242 quoque
1750 2167 1778 2197 ¹¹
1808 2153 2047 2218 factum
2079 2161 2191 2217 est.
2264 2152 2460 2216 Nam·

189 2237 538 2303 advemens
600 2238 935 2305 Grimuald
1046 2240 1215 2304 intra
1283 2236 1593 2325 palatium
1657 2238 2098 2302 mansionemv
2162 2236 2431 2321 accepit.

186 2319 409 2385 Isdem
450 2344 602 2387 vero
667 2287 976 2410 Garipald
1040 2323 1233 2388 totius
1296 2322 1619 2421 nequitiae
1672 2322 2014 2386 seminator
2064 2318 2432 2406 Godeperto

187 2405 520 2489 persuasit,
565 2416 636 2473 ut
675 2429 805 2471 non
845 2405 1026 2472 aliter
1070 2427 1263 2492 quam
1303 2405 1503 2470 lorica
1542 2404 1706 2470 subw
1751 2413 1928 2470 veste
1969 2403 2232 2467 indutus
2285 2423 2432 2467 cum

191 2488 566 2555 Grimualdo
584 2502 612 2532 ¹
655 2488 975 2555 locuturus
1004 2492 1277 2572 veniret3
1321 2511 1630 2573 asserens,
1677 2488 1825 2575 quia
1843 2499 1873 2543 Y
1919 2509 2065 2552 eum
2097 2483 2432 2551 Grimuald

194 2572 486 2639 occidere
531 2572 735 2639 vellet.
823 2575 1069 2639 Rursus
1113 2574 1285 2638 idem
1327 2571 1585 2638 fallendi
1614 2572 1843 2638 artifex
1872 2570 1953 2635 ad
1986 2568 2430 2636 Grimualdum

187 2656 448 2723 veniens
491 2656 674 2741 dixit,
765 2657 942 2741 u0d2‚
987 2657 1112 2722 nisi
1155 2679 1223 2722 se
1265 2656 1512 2722 fortiter
1555 2678 1708 2743 prae
1756 2664 1981 2737 araret,
2026 2676 2173 2719 eum
2219 2652 2432 2718 Gode-

189 2749 410 2827 pertus
439 2751 596 2804 suoa
624 2740 691 2827 gl
778 2742 837 2807 io
867 2741 1227 2828 perimeret,
1256 2761 1647 2825 asseverans,
1748 2738 2142 2823 odepertum,
2173 2736 2427 2824 quando

191 2845 338 2890 cum
407 2845 482 2889 eo
540 2825 623 2889 ad
690 2823 1244 2912 conloquendumb
1290 2825 1588 2908 *veniret,
1652 2822 1954 2889 loricam<²
2018 2821 2137 2887 sub
2202 2820 2426 2886 veste‘¹
2448 2828 2524 2885 ‘a
2558 2831 2658 2874 1³⁹·

189 2916 462 2994 gestare.
565 2908 738 2990 Quid
843 2906 1026 2974 lura‘?
1088 2907 1255 2973 Cum
1311 2908 1394 2973 ad
1468 2907 1921 2995 conloquium⁶
1981 2903 2086 2970 die
2153 2905 2429 2970 crastino

186 2991 530 3075 venissent,
575 3002 637 3057 et
681 2992 783 3058 Go
832 3002 1116 3092 epertum
1161 3001 1309 3078 post
1350 2991 1792 3058 salutationem
1841 2987 2255 3055 Grimualdus
2300 3011 2431 3053 am-

185 3073 484 3160 plexatus
527 3086 710 3159 esset,
754 3084 967 3142 statim
997 3077 1211 3160 sensit,
1300 3077 1431 3161 uod
1469 3076 1777 3141 loricam⁰
1810 3072 1929 3140 sub
1972 3082 2148 3139 veste
2166 3073 2188 3116 f
2226 3080 2431 3159 gesta·

191 3168 307 3224 ret.
380 3159 518 3225 Nec
547 3180 745 3243 mora,
791 3160 1130 3247 evaginato
1173 3158 1280 3245 gla
1327 3161 1391 3225 io
1421 3182 1567 3226 eum
1596 3161 1728 3226 vita
1749 3159 2044 3246 privavit.
2108 3157 2203 3221 Re
2295 3179 2429 3220 um-

189 3253 360 3390 auess
425 3244 561 3308 eius
627 3253 692 3309 et
756 3265 1008 3309 omnem
1084 3244 1436 3330 potentiam
1512 3243 1839 3326 invadens,
1917 3262 2069 3307 suae
2148 3262 2223 3304 su
2271 3237 2434 3305 didit

234 3326 436 3392 1tioni.
520 3326 822 3394 Habebat
863 3338 1076 3394 autem
1117 3337 1268 3392 tunc
1300 3326 1632 3412 Godepert
1672 3327 1802 3391 iam
1845 3324 2046 3390 filium
2089 3322 2431 3409 parvulum

188 3542 236 3595 a)
270 3548 315 3586 et
344 3544 522 3585 foribus
551 3545 589 3585 B
626 3545 664 3584 1.
788 3541 837 3596 b)
871 3541 1532 3592 Ordinatoque—Romualdo
1564 3540 1889 3594 (Romualdum
1922 3537 2042 3593 o·1)
2070 3550 2153 3580 suo
2185 3538 2283 3579 filio
2314 3539 2431 3579 duee

189 3603 243 3645 Ο.
277 3603 346 3653 D3
380 3602 434 3645 O.
467 3603 736 3644 Benevento
764 3604 864 3646 131.
985 3600 1027 3655 e)
1058 3600 1424 3651 Rumoald.01;
1455 3601 1699 3641 Romoald.
1733 3599 1832 3653 AS,
1863 3599 1955 3650 alii,
1980 3604 2134 3649 postea
2164 3597 2290 3637 ceiam
2319 3596 2361 3637 A
2380 3599 2430 3646 ις

186 3662 431 3703 Rumwald
456 3666 609 3712 poma
643 3661 684 3703 G
717 3660 776 3702 ’2.
809 3661 851 3704 2.
885 3660 955 3704 60.
1086 3658 1132 3711 d)
1168 3661 1361 3701 electam
1393 3669 1580 3699 manum
1612 3660 1649 3699 F
1684 3661 1723 3700 1.
1861 3656 1906 3709 e)
1939 3668 2054 3708 quas
2087 3657 2270 3698 obviam
2302 3656 2346 3699 h.
2380 3654 2429 3697 Ο.

186 3721 212 3762 1
246 3723 286 3772 1,
317 3732 431 3761 corr.
457 3730 540 3771 per
571 3729 684 3770 quas
715 3720 758 3759 h.
798 3721 925 3761 viam
953 3720 996 3759 D
1032 3721 1080 3769 13
1128 3728 1242 3768 quas
1274 3722 1383 3759 sunt
1410 3718 1536 3758 viam
1568 3718 1612 3760 h.
1646 3719 1684 3758 Ε
1719 3720 1758 3759 1.
1895 3714 1932 3768 f>
1964 3716 2024 3757 ad
2054 3726 2089 3758 r.
2124 3727 2169 3767 p.
2201 3715 2285 3758 des.
2319 3715 2355 3757 Ο
2387 3716 2430 3755 2.

189 3776 240 3831 g)
271 3779 675 3821 Transamundum
705 3777 748 3818 A
780 3779 821 3820 8.
856 3781 899 3831 4,
931 3783 968 3818 ee
999 3778 1123 3829 ivm-a
1154 3777 1196 3818 A
1227 3778 1268 3819 2.
1302 3776 1403 3818 Ga.
1433 3777 1474 3822 8.
1506 3776 1565 3827 43
1596 3776 1963 3817 'trasamundum
1994 3775 2036 3816 A
2068 3775 2124 3825 ὃς
2156 3776 2428 3816 ‘franemun-

187 3838 298 3879 dum
330 3838 425 3880 AS.
459 3838 514 3879 B.
545 3838 584 3878 Ε
616 3839 656 3880 1.
690 3838 742 3880 F.
864 3836 912 3889 h)
946 3836 1184 3889 Spoletum
1214 3836 1252 3876 P
1271 3837 1311 3876 1.
1431 3835 1466 3887 1)
1500 3836 1715 3885 regiones
1747 3834 1855 3884 013
1886 3845 1971 3885 per
2002 3843 2081 3875 eas
2114 3833 2367 3883 regionesl
2386 3835 2427 3873 1.

187 3894 239 3950 k)
272 3898 321 3938 in
353 3898 384 3938 i.
431 3897 517 3939 du.
566 3897 609 3937 D
643 3898 684 3938 2.
720 3896 763 3938 8.
910 3894 946 3947 1)
980 3896 1270 3938 advenissent
1314 3894 1352 3934 F
1387 3896 1426 3937 1.
1576 3893 1639 3946 m)
1668 3895 1818 3935 fixerat
1864 3915 1916 3925 —
1968 3892 2144 3945 Godep.
2191 3893 2279 3932 des.
2311 3893 2351 3933 B
2385 3892 2428 3931 1.

188 3954 239 4007 n)
272 3956 384 3996 deese
418 3953 457 3994 A
491 3957 533 3996 1.
654 3952 700 4007 o)
735 3953 990 4005 Godiperto
1020 3956 1057 3995 F
1093 3956 1133 3995 1.
1254 3950 1303 4005 p)
1337 3953 1595 4004 requireret
1622 3953 1660 3993 F
1694 3955 1736 3995 1.
1854 3950 1901 4003 q)
1935 3952 2058 4001 quod
2089 3951 2131 3992 A
2164 3952 2206 3994 1.
2237 3952 2279 3992 2.
2311 3951 2350 3991 Β
2385 3950 2427 3990 1.

189 4014 226 4056 0
260 4011 322 4056 ⁶1.
359 4016 400 4057 1.
434 4014 476 4054 D
511 4015 533 4054 1
569 4013 703 4067 (corr.
737 4010 863 4065 qno).
896 4014 935 4054 n
970 4015 1010 4056 1.
1041 4014 1079 4054 1³·
1116 4015 1167 4064 13
1199 4012 1315 4063 quod
1343 4012 1391 4053 in
1424 4013 1651 4064 archetypo
1672 4011 1817 4062 mineo
1845 4011 2094 4052 crediderim
2123 4019 2259 4060 mque
2288 4014 2430 4049 tamen

186 4073 327 4114 Paulo
360 4071 585 4113 obtrudere
614 4082 752 4113 aum
781 4082 893 4113 eum.
1045 4070 1086 4125 r)
1117 4081 1397 4124 praeparare
1430 4071 1481 4113 Ο.
1511 4072 1536 4112 1
1569 4073 1611 4114 1.
1751 4069 1792 4124 s)
1828 4069 2108 4120 Garipaldus
2137 4068 2175 4108 P
2210 4070 2263 4119 ις
2297 4066 2427 4109 Gari·

182 4131 300 4173 bam·
326 4132 362 4174 Ο
395 4132 435 4172 1.
579 4130 615 4183 t)
647 4141 780 4172 suum
810 4141 856 4182 p.
886 4129 930 4171 A
961 4131 1003 4173 8.
1155 4129 1204 4184 u)
1236 4130 1346 4171 dem
1379 4129 1418 4170 Α
1449 4127 1510 4170 ’8.
1661 4128 1705 4182 v)
1736 4126 2045 4181 hosplc(t)ium
2078 4126 2129 4171 O.
2161 4127 2220 4169 D.
2252 4127 2276 4167 1
2310 4128 2350 4167 1.
2388 4125 2427 4167 2.

180 4188 245 4243 w)
277 4190 388 4232 dem
435 4189 486 4232 Ο.
533 4189 575 4230 D
610 4191 651 4233 2.
684 4190 708 4230 1
742 4191 781 4231 1.
961 4187 1011 4241 x)
1045 4188 1287 4231 Grimuald
1316 4189 1354 4229 F
1387 4190 1428 4230 1.
1608 4186 1657 4241 y)
1689 4189 1769 4238 qui
1799 4188 1838 4229 A
1873 4189 1912 4229 2.
2095 4188 2138 4242 z)
2171 4185 2283 4236 quid
2313 4184 2353 4226 A
2387 4184 2427 4225 2.

179 4246 226 4301 ει)
261 4259 344 4290 suo
394 4270 448 4282 —
497 4247 811 4300 Godepertum
857 4249 941 4290 du.
990 4248 1028 4288 P
1063 4251 1104 4291 1.
1255 4245 1303 4300 b)
1337 4246 1622 4296 loquendum
1670 4245 1710 4287 A
1744 4249 1793 4297 13
1838 4256 1892 4287 eo
1940 4243 2268 4294 alloquendum
2311 4244 2350 4284 E
2384 4244 2424 4284 1.

175 4305 219 4359 e)
251 4307 401 4349 lorica
445 4307 483 4347 P
520 4308 561 4348 1.
715 4305 762 4359 d)
794 4310 972 4348 ventem
1017 4306 1059 4347 A
1092 4309 1132 4350 1.
1282 4304 1328 4359 e)
1361 4306 1717 4356 colloquendum
1765 4304 1805 4346 A
1838 4305 1892 4355 8;
1952 4304 2234 4355 loquendum
2281 4303 2317 4346 O
2346 4300 2421 4343 4b.

172 4366 217 4406 D
253 4364 369 4420 (1‘?).
401 4365 445 4405 Η
479 4367 519 4407 1.
643 4363 679 4419 f)
712 4367 883 4408 vestem
914 4366 952 4406 B
987 4367 1026 4408 1.
1152 4364 1198 4417 c)
1233 4375 1322 4416 que
1353 4365 1463 4406 dem
1493 4363 1537 4404 A
1569 4365 1615 4407 2.
