3042 4909
572 458 676 506 134
842 454 1067 507 PAULI
1103 453 1450 506 HISTORIA
1489 451 2169 506 LANGOBARDORUM.
2244 452 2391 502 LIB.
2430 451 2538 502 111.

568 623 1044 687 matrimonium
1129 631 1437 707 peterent.
1593 621 1771 702 Quos
1844 619 1950 685 ille
2035 620 2357 706 benignea
2438 618 2816 705 susci-piene,

568 705 1112 771 Theudelindamb
1170 726 1351 769 suam
1426 703 1623 768 filiam
1679 703 1953 769 Authari
2011 727 2080 770 se
2143 705 2442 769 daturum
2502 703 2815 790 promisit.

569 790 700 871 Qui
751 790 948 874 legati
1015 798 1402 853 revertentes
1459 811 1608 853 cum
1668 788 1828 853 haec
1886 788 2160 852 Authari
2231 788 2650 869 nuntiassent,
2705 785 2812 852 ille

566 896 682 960 per
756 883 958 938 semet
1028 875 1243 959 ipsum
1308 895 1492 937 suam
1566 894 1864 959 sponsam
1935 872 2154 937 videre
2221 872 2513 958 cupiens,
2586 871 2809 956 paucis

568 979 786 1021 secum
830 957 943 1021 sed
986 957 1299 1041 expeditis
1345 980 1428 1021 ex
1455 956 1902 1042 Langobar-dis
1945 956 2266 1038 adhibitis,
2309 977 2639 1041 unumque
2683 954 2810 1020 sibi

565 1040 1006 1105 fidelissimum
1052 1050 1115 1104 et
1165 1042 1349 1127 quasi
1400 1042 1714 1105 seniorem
1759 1062 1978 1104 secum
2022 1040 2281 1121 ducens,
2326 1038 2462 1103 sine
2505 1059 2684 1103 mora
2724 1038 2810 1102 ad

566 1125 928 1188 Baioariam
986 1126 1288 1211 perrexit.
1402 1124 1532 1205 Qui
1602 1146 1752 1189 cum
1822 1125 1890 1187 in
1963 1133 2418 1210 conspectum⁰
2476 1121 2811 1187 Garibaldi

565 1211 733 1294 regis
778 1210 960 1272 iuxta
1002 1209 1285 1273 morem‘¹
1338 1207 1694 1293 legatorum
1737 1206 2085 1273 introducti
2142 1218 2385 1290 essent,
2428 1215 2494 1271 et
2553 1206 2654 1269 his
2742 1206 2810 1270 ui

567 1314 713 1356 cum
759 1291 1074 1356 Autharie
1120 1293 1306 1378 quasi
1350 1294 1564 1357 senior
1584 1302 1847 1357 venerat
1887 1302 2034 1378 post
2062 1290 2546 1355 salutationemf
2586 1311 2703 1353 ver
2748 1311 2805 1371 a,

565 1387 637 1440 ut
679 1378 873 1439 moris
934 1385 1058 1456 est,
1111 1374 1469 1441 intulisset&
1487 1400 1501 1439 :
1557 1375 1849 1457 Authari,
1904 1398 2051 1439 cum
2094 1398 2133 1439 a
2174 1374 2349 1439 nullo
2391 1373 2560 1437 illius
2602 1374 2810 1459 gentis

567 1469 1074 1543 cognosceretur,
1126 1459 1208 1523 ad
1252 1481 1471 1545 regem
1519 1458 1940 1524 Garibaldum
1984 1460 2448 1545 propinquiush
2494 1457 2810 1522 accedens

566 1544 683 1606 ait:
770 1543 1109 1606 ‘Dominus
1153 1565 1335 1607 meus
1377 1542 1652 1607 Authari
1694 1566 1811 1606 rex
1840 1566 1943 1607 me
1987 1544 2245 1629 proprie
2275 1541 2357 1606 ob
2401 1542 2524 1606 hoc
2555 1540 2807 1622 direxit,

566 1637 639 1691 ut
700 1638 980 1691 vestram
1044 1625 1275 1708 filiam,
1348 1626 1558 1713 ipsius
1621 1648 1956 1711 sponsam,
2036 1649 2198 1712 quae
2262 1636 2478 1691 nostra
2552 1625 2812 1689 domina

564 1710 779 1774 futura
831 1721 958 1791 est,
1026 1709 1293 1775 debeam
1366 1711 1765 1796 conspicere,
1820 1721 1921 1792 ut,
1978 1709 2183 1796 qualis
2248 1711 2387 1775 eius
2440 1708 2643 1773 forma
2700 1709 2809 1790 sit,

566 1815 710 1858 meo
767 1792 1018 1858 valeam
1076 1794 1336 1858 domino
1396 1795 1634 1859 certius
1691 1794 2021 1859 nuntiare'.
2118 1792 2286 1858 Cum
2333 1816 2413 1858 ue
2478 1815 2597 1857 rex
2650 1791 2811 1856 haec

566 1876 831 1941 audiens
910 1877 1107 1941 filiam
1174 1879 1393 1942 venire
1457 1879 1779 1959 iussisset,
1846 1899 2115 1964 eamque
2171 1878 2309 1942 Aut
2352 1879 2466 1959 ari,
2536 1886 2610 1940 ut
2675 1885 2814 1940 erat

568 1962 749 2025 satisi
798 1960 1072 2045 eleganti
1090 1963 1120 2003 k
1164 1962 1388 2044 forma,
1434 1963 1627 2025 tacito
1656 1971 1819 2025 nutu
1849 1961 2317 2048 contemplatus
2348 1970 2534 2041 esset,
2587 1961 2648 2024 ei
2695 1961 2807 2025 ue¹

568 2045 721 2108 satis
765 2067 881 2129 per
935 2047 1149 2108 omnia
1208 2044 1731 2131 complacuisset,
1776 2046 1869 2109 ait
1922 2045 2008 2109 ad
2060 2067 2311 2130 regem:
2369 2044 2563 2125 ‘Quia
2710 2065 2813 2108 em

568 2126 734 2192 filiae
776 2139 1025 2192 vestrae
1070 2150 1409 2214 personam
1427 2141 1468 2171 ¹¹¹
1514 2132 1857 2211 cernimuS,
1913 2137 1986 2193 ut
2026 2141 2214 2193 eamn
2259 2130 2485 2193 merito
2528 2136 2813 2191 nostram

568 2213 854 2297 reginam
912 2212 1052 2276 fieri
1108 2234 1145 2277 o
1193 2221 1432 2295 temus,
1497 2214 1554 2276 si
1608 2212 1818 2299 placet
1869 2223 2120 2277 vestrae
2161 2213 2481 2299 potestati,
2537 2210 2617 2275 de
2675 2212 2812 2275 eius

568 2318 780 2378 manu,
836 2297 1002 2361 sicut
1052 2318 1136 2360 no
1184 2297 1239 2361 is
1281 2308 1504 2382 postea
1545 2296 1797 2361 factura
1819 2305 1950 2378 est,
1995 2297 2129 2360 vini
2170 2295 2519 2382 poculum⁰
2561 2316 2812 2359 sumere

565 2383 1057 2477 praeoptamus'.
1146 2380 1439 2467 Cumque
1482 2392 1641 2445 rexP
1687 2380 1774 2462 id,
1825 2391 1899 2444 ut
1937 2380 2078 2445 fieri
2133 2380 2410 2462 deberet,
2463 2379 2811 2460 annuisset,

566 2461 693 2544 1lla,
717 2475 983 2562 accepto
1025 2465 1160 2527 vini
1208 2464 1461 2549 poculo,
1512 2466 1575 2528 ei
1670 2466 1802 2528 rius
1854 2465 1965 2549 qui
2015 2466 2226 2529 senior
2285 2486 2426 2528 esse
2475 2462 2818 2527 videbatur

566 2549 952 2632 propinavlt.
1038 2547 1292 2612 Deinde
1323 2570 1472 2611 cum
1500 2548 1612 2611 Au
1682 2549 1796 2630 ari,
1842 2570 2031 2634 quem
2073 2570 2260 2611 suum
2289 2570 2428 2612 esse
2458 2558 2814 2633 sponsum‘l

566 2629 923 2713 nesciebat,
992 2632 1413 2730 porrexisset,
1488 2630 1624 2712 ille,
1701 2640 2045 2718 postquam
2120 2631 2285 2696 bibit
2358 2654 2434 2697 ac
2507 2629 2813 2717 poculum

565 2713 861 2777 redderet
875 2726 919 2794 Γ,
957 2736 1097 2778 elus
1136 2735 1332 2778 manu
1347 2726 1390 2796 ³,
1435 2716 1689 2780 nemine
1727 2715 2322 2797 animadvertente‘,
2365 2715 2569 2800 digito
2602 2714 2815 2798 tetigit

568 2797 1026 2882 dexteramque
1082 2819 1264 2860 suam
1281 2810 1310 2840 ¹¹
1343 2797 1494 2864 ,sibi
1548 2820 1588 2862 a
1644 2798 1851 2863 fronte
1869 2811 1900 2841 v
1953 2820 2070 2885 per
2116 2821 2345 2863 nasum
2404 2811 2537 2864 acw
2578 2796 2809 2862 faciem

612 2879 892 2946 roduxit.
985 2878 1104 2943 Illa
1158 2880 1282 2944 hoc
1338 2902 1490 2946 suae
1551 2882 1786 2945 nutrici
1848 2882 2083 2947 rubore
2150 2882 2411 2969 perfusa
2476 2882 2810 2946 nuntiavit.

625 2964 693 3025 ui
735 2963 956 3027 nutrix
986 2984 1101 3026 sua
1143 2965 1265 3028 ait:
1313 2964 1465 3029 ‘Iste
1507 2965 1634 3028 nisi
1661 2965 1835 3050 ipse¹
1864 2988 1983 3030 rex
2025 2975 2089 3030 et
2129 2988 2399 3065 sponsus
2441 2975 2591 3029 tuus
2621 2973 2808 3045 esset,

564 3057 628 3110 te
674 3047 931 3110 omnino
974 3057 1234 3131 tangere
1286 3070 1417 3111 non
1458 3047 1743 3113 auderet.
1840 3049 1970 3115 Sed
2013 3051 2311 3114 interim?
2370 3048 2688 3130 sileamuS,
2732 3071 2813 3112 ne
2905 3078 2912 3087 ·

565 3128 688 3193 hoc
730 3130 901 3215 patri
944 3140 1055 3194 tuo
1109 3130 1225 3194 fiat
1280 3132 1627 3217 cognitum.
1713 3133 1809 3198 Re
1865 3135 2036 3198 enim
2093 3156 2250 3200 vera
2301 3133 2498 3220 digna
2586 3153 2812 3198 ersona

568 3221 682 3295 est,
729 3235 895 3298 quae
922 3222 1138 3279 tenere
1168 3213 1400 3280 debeat
1427 3239 1697 3302 regnum
1736 3226 1801 3282 et
1826 3226 1938 3282 tuo
1969 3218 2201 3282 sociari
2231 3218 2530 3302 coniugio
2553 3265 2567 3280 .
2652 3216 2813 3280 Erat

564 3429 610 3482 a)
645 3431 892 3481 venignem
924 3433 961 3471 F
995 3434 1035 3474 1.
1154 3433 1200 3485 b)
1232 3432 1424 3473 Teudel.
1455 3434 1493 3473 Ε
1530 3436 1573 3474 1.
1603 3435 1640 3473 F
1673 3436 1717 3475 4.
1752 3434 1794 3475 G
1826 3435 1866 3473 1.
1901 3434 1942 3486 3,
1974 3434 2170 3476 Teudol.
2202 3435 2432 3484 aliquoties
2460 3433 2504 3474 A
2538 3436 2587 3484 13
2618 3434 2808 3473 Teodel.

564 3490 600 3531 C
635 3492 658 3529 1
690 3491 767 3529 hoc
808 3490 898 3530 loco
929 3496 967 3530 et
1006 3491 1281 3541 plerumque3
1326 3491 1551 3534 Theodel.
1585 3492 1628 3532 A
1661 3495 1702 3533 3.
1735 3494 1796 3533 D.
1828 3493 1866 3533 F
1900 3494 1940 3532 2.
1975 3491 2016 3534 G
2048 3494 2090 3534 2.
2124 3493 2194 3544 50,
2238 3494 2315 3532 ubi
2356 3495 2483 3533 etiam
2512 3493 2741 3532 Thiatlint
2769 3497 2809 3533 st

564 3548 860 3589 Thiadlinda.
998 3548 1037 3601 c)
1068 3551 1133 3589 ita
1163 3550 1204 3590 A
1237 3553 1279 3591 1.
1313 3552 1356 3590 2.
1389 3549 1424 3590 C
1458 3553 1500 3591 1.
1534 3551 1577 3590 D
1613 3552 1654 3591 1.
1685 3552 1722 3590 F
1757 3552 1811 3601 13
1857 3556 2107 3601 conspeetu
2139 3552 2196 3604 G,
2226 3553 2319 3594 alii.
2355 3574 2407 3583 —
2441 3551 2665 3592 Ganaldis
2695 3551 2733 3591 F
2767 3553 2810 3593 1.

564 3606 611 3657 d)
645 3617 774 3648 more
805 3608 842 3646 F
875 3611 927 3659 ις
958 3619 1136 3649 moram
1169 3607 1210 3650 G
1239 3611 1285 3650 4.
1321 3629 1373 3639 —-
1414 3609 1507 3658 leg.
1539 3611 1651 3649 dem
1682 3610 1717 3651 C
1750 3610 1802 3661 53
1831 3609 2244 3658 Langobardorum
2275 3609 2318 3652 G
2348 3610 2418 3652 50.
2568 3611 2611 3665 e)
2644 3609 2811 3650 Autari

561 3666 639 3705 Ιιοσ
669 3667 759 3705 loco
790 3666 827 3704 F
846 3670 886 3706 1.
1005 3666 1042 3719 f)
1073 3668 1403 3708 salutationeF
1423 3669 1472 3718 ις
1502 3669 1849 3710 salutationisn
1867 3670 1907 3708 1.
1933 3668 1996 3719 G;
2026 3669 2409 3710 salutationumc
2427 3671 2468 3709 1.
2499 3668 2577 3709 41).
2609 3670 2647 3708 F
2679 3669 2811 3711 2—4.

561 3724 606 3763 Η
640 3724 686 3772 13
718 3727 823 3774 post
854 3725 1180 3766 salutationem
1210 3738 1324 3768 corr.
1357 3726 1692 3768 salutationum
1721 3728 1764 3767 D
1799 3729 1840 3779 1,
1871 3732 1910 3767 οε
1937 3728 2002 3768 ita
2032 3729 2113 3767 alii
2142 3729 2208 3778 D;
2239 3730 2345 3778 post
2374 3729 2485 3767 deest
2515 3728 2642 3767 stiam
2674 3726 2710 3769 G
2729 3727 2806 3769 4b.

564 3781 606 3822 G
638 3782 710 3823 5b.
744 3783 790 3822 Η
823 3786 864 3823 1.
958 3782 1004 3836 g)
1040 3784 1304 3825 intulissent
1333 3783 1376 3823 A
1407 3787 1448 3825 2.
1538 3784 1587 3836 h)
1620 3786 1909 3836 propinquus
1939 3786 1981 3826 A
2013 3783 2075 3827 ⁶3.
2166 3784 2202 3837 i)
2235 3788 2348 3827 decet
2380 3787 2415 3828 C
2447 3783 2509 3829 ·1.
2597 3784 2646 3838 k)
2680 3786 2807 3827 elon-

561 3842 658 3890 gati
688 3839 732 3880 A
763 3842 805 3880 2.
939 3841 973 3895 l)
1008 3854 1049 3884 e.
1082 3855 1119 3886 s.
1147 3855 1194 3893 p.
1225 3854 1271 3884 ο.
1300 3853 1340 3884 c.
1372 3844 1458 3883 des.
1493 3843 1529 3884 C
1560 3841 1713 3885 ‘1-8.
1747 3844 1953 3897 (4—62).
1985 3846 2044 3885 D.
2076 3846 2100 3885 1
2132 3846 2175 3886 2.
2206 3846 2248 3889 8.
2366 3842 2432 3895 m)
2464 3855 2666 3895 persona
2693 3845 2732 3884 F
2765 3847 2811 3886 1.

563 3897 613 3951 n)
649 3899 1076 3941 eaA2.3.1³1.
1213 3901 1857 3952 o)eipriusadd.G3.4.
1991 3902 2041 3954 p)
2074 3903 2340 3953 deestA53
2385 3904 2810 3954 utiendum

562 3958 613 3997 id
644 3962 690 4000 et
718 3957 750 3997 f.
784 3958 829 3998 d.
863 3958 904 3998 A
936 3955 1008 4010 ‘33
1054 3959 1102 3999 id
1147 3959 1248 4000 fieri
1279 3959 1447 4001 debere
1478 3971 1520 4000 a.
1556 3961 1591 4002 O
1622 3958 1684 4001 ⁸1.
1717 3964 1758 4003 1.
1791 3963 1866 4003 4b.
1895 3963 1919 4002 1
1954 3964 1994 4004 1.
2031 3963 2113 4014 1b3
2159 3963 2208 4002 ld
2235 3962 2269 4002 f.
2315 3962 2506 4003 deberet
2533 3974 2649 4003 corr.
2680 3966 2733 4003 ut
2761 3963 2813 4002 id

563 4017 664 4057 fleri
694 4017 886 4058 deberet
915 4018 958 4057 D
994 4019 1034 4069 1,
1081 4021 1118 4056 et
1147 4018 1211 4057 ita
1243 4018 1323 4057 alii
1350 4018 1409 4058 D.
1439 4019 1484 4059 H
1518 4022 1568 4069 13
1616 4020 1742 4060 idum
1774 4021 1875 4062 fleri
1907 4021 2077 4063 devere
2108 4033 2222 4063 corr.
2252 4023 2303 4060 ut
2333 4021 2454 4060 idem
2487 4021 2590 4062 fleri
2620 4021 2813 4063 deberet

561 4076 600 4116 F
634 4077 686 4126 13
720 4076 911 4116 deberet
939 4077 1050 4115 deest
1080 4074 1123 4113 A
1156 4078 1211 4126 2;
1241 4078 1290 4116 id
1321 4077 1428 4116 dum
1460 4078 1593 4119 fleret
1622 4089 1730 4119 ann.
1766 4079 1807 4119 G
1839 4081 1881 4120 2.
1911 4081 1965 4130 33
1996 4080 2045 4120 id
2076 4085 2127 4121 ut
2157 4080 2289 4122 fleret
2319 4089 2429 4120 ann.
2462 4079 2502 4118 G
2533 4081 2579 4125 1.
2612 4080 2812 4130 ,Μάιος

563 4134 666 4174 fleri
698 4145 806 4177 ann.
839 4133 906 4186 (id
935 4138 987 4174 ut
1015 4133 1121 4185 des.)
1152 4136 1192 4175 B
1225 4137 1266 4176 2.
1302 4134 1342 4172 G
1374 4135 1425 4185 Ως
1455 4136 1502 4175 id
1535 4136 1638 4178 fleri
1667 4147 1779 4180 ann.
1808 4138 1847 4177 1³
1879 4137 1920 4179 5.
1952 4139 1977 4178 1
2008 4139 2050 4177 2.
2140 4137 2189 4190 q)
2221 4147 2419 4188 sponsus
2448 4138 2488 4178 Γ
2507 4140 2545 4181 1.
2636 4137 2676 4190 r)
2710 4139 2811 4179 red·

563 4192 745 4232 diderat
777 4192 812 4234 C
846 4195 886 4233 1.
918 4193 945 4232 1
979 4195 1018 4245 1,
1063 4204 1178 4234 corr.
1226 4193 1426 4234 reddidit
1455 4195 1498 4234 D
1534 4197 1574 4247 1,
1620 4200 1659 4235 et
1696 4197 1760 4236 ita
1789 4197 1918 4236 ceteri
1945 4197 2006 4237 D.
2037 4196 2076 4235 F
2106 4198 2150 4239 4.
2185 4196 2228 4238 G
2262 4198 2301 4237 2.
2449 4194 2491 4248 s)
2521 4199 2586 4237 ita
2614 4195 2658 4238 A
2691 4200 2734 4241 1.
2767 4198 2812 4239 2.

563 4250 603 4289 E
638 4252 688 4299 ις
735 4261 924 4290 manum
969 4253 1110 4292 ceteri.
1258 4251 1293 4303 t)
1328 4253 1563 4294 neminem
1607 4255 1650 4294 D
1685 4256 1727 4296 1.
1777 4254 1819 4295 G
1850 4256 1891 4296 1.
1945 4277 1997 4287 —
2042 4256 2489 4296 animadvertentem
2534 4256 2572 4296 F
2605 4258 2645 4296 1.
2694 4256 2736 4297 G
2769 4259 2813 4297 1.

570 4304 620 4357 u)
652 4317 738 4347 sua
767 4309 804 4347 F
838 4312 880 4350 1.
1016 4307 1062 4360 v)
1096 4310 1296 4352 frontem
1326 4311 1364 4350 Ρ
1399 4313 1439 4351 1.
1574 4309 1635 4362 w)
1671 4324 1697 4352 a
1730 4312 1770 4352 G
1804 4313 1854 4363 13
1888 4314 1945 4354 ad
1979 4313 2020 4354 G
2055 4315 2080 4353 2
2232 4311 2281 4365 x)
2313 4314 2424 4353 deese
2455 4314 2497 4354 A
2530 4315 2573 4356 8.
2607 4315 2643 4356 C
2676 4316 2727 4365 23
2761 4326 2808 4356 n.

568 4369 689 4405 esset
720 4375 757 4405 r.
791 4369 838 4406 et
868 4377 938 4415 sp.
971 4371 1003 4407 t.
1034 4372 1080 4407 te
1112 4368 1147 4409 C
1182 4371 1233 4418 13
1265 4379 1348 4409 rex
1380 4372 1424 4409 et
1450 4375 1551 4418 poet
1580 4371 1723 4420 suppl.
1753 4371 1790 4409 F
1825 4373 1865 4413 1.
2000 4369 2049 4423 y)
2079 4373 2303 4423 sequentia
2333 4382 2470 4422 usque
2499 4374 2550 4413 in
2579 4373 2700 4414 hane
2730 4383 2813 4424 pa·

564 4424 699 4463 triam
731 4423 798 4477 (in
818 4425 914 4475 fine
941 4425 1058 4476 cap.)
1092 4427 1177 4466 des.
1214 4427 1254 4469 G
1290 4429 1312 4466 1
1335 4427 1453 4475 solio
1484 4429 1637 4471 exciso.
