3042 4909
480 413 697 467 PAULI
739 413 1084 466 HISTORIA
1122 415 1790 470 LANGOBARDORUM.
1866 418 2008 470 LIB.
2047 418 2140 470 VI.
2347 419 2450 469 221

207 604 366 648 mox
409 583 598 670 cepit,
643 581 1151 668 conprehensum
1197 594 1317 647 ue⁸¹
1359 584 1692 649 Rotharitb
1736 584 2255 684 pseudoregemc,
2315 587 2452 652 eius

215 676 412 767 caput
453 666 850 766 barbamque
880 666 1127 749 radenS,
1186 668 1472 732 saurinis
1504 669 1569 731 in
1613 668 1876 732 exihum
1920 677 2107 733 trusit
2121 671 2167 751 d,
2215 671 2451 756 quique

214 751 457 816 ibidem
501 763 648 837 post
688 749 984 836 ahquode
1030 751 1164 816 dies
1209 763 1575 838 peremptus
1633 762 1744 816 est.
1830 753 2234 837 Liutpertum
2277 776 2451 837 ver0,

219 857 410 921 quem
455 844 730 921 ceperat,
775 835 914 919 pari
958 834 1148 899 modo
1195 838 1260 899 in
1305 835 1530 901 balneo
1574 836 1741 900 vitat·
1784 837 2081 921 privavit.

389 919 488 982 21.
576 919 750 982 Misit
800 941 1055 1004 quoque
1107 922 1457 985 exercitum
1515 920 1821 985 adversus
1876 920 2330 1006 Ansprandum
2379 922 2447 985 in

218 1001 491 1066 insulam
547 1002 1087 1068 Commacinamss.
1173 1004 1358 1084 Quoh
1417 1009 1781 1090 *conpert0,
1841 1003 2187 1090 Ansprand
2229 1004 2446 1090 fugiit*

213 1084 611 1152 Clavennam
630 1100 679 1163 ¹3
739 1086 966 1151 deinde
1020 1108 1136 1172 per
1193 1088 1452 1153 Curiam
1495 1089 1845 1153 Retorumk
1902 1089 2221 1153 civitatem
2273 1090 2450 1154 venit

212 1170 303 1234 ad
353 1169 842 1256 Theutpertum¹
901 1171 1338 1236 Baioariorum
1395 1172 1643 1254 ducem,
1704 1182 1765 1237 et
1817 1171 1937 1236 fuit
1997 1194 2141 1235 cum
2199 1194 2275 1237 eo
2332 1194 2448 1258 per

212 1275 417 1318 annos
481 1276 730 1318 novem.
838 1253 1178 1319 Exercitus
1243 1278 1393 1320 vcro
1459 1257 1576 1319 Ari
1626 1257 1741 1320 erti
1815 1254 2087 1319 insulam
2151 1256 2218 1319 in
2262 1267 2448 1342 quam

212 1336 559 1423 Ansprand
604 1337 809 1401 fuerat
850 1337 1176 1422 invadenS,
1222 1341 1357 1405 eius
1404 1342 1556 1426 oppi
1603 1362 1710 1405 um
1756 1340 1966 1403 diruit.

377 1422 479 1486 22.
562 1421 703 1485 Rex
733 1422 927 1505 igitur
953 1422 1229 1508 Aripert,
1262 1424 1630 1488 confirmato
1671 1444 1888 1508 regnO,
1925 1421 2377 1521 Sigiprandum
2396 1435 2444 1506 ¹¹,

205 1505 578 1591 Ansprandi
619 1504 838 1587 filium,
896 1505 1096 1570 oculis
1139 1508 1414 1592 privavit
1469 1519 1857 1594 omnesque⁰
1923 1530 2032 1593 qul
2076 1507 2134 1571 ei
2186 1528 2447 1570 consan-

207 1591 523 1675 guinitate
588 1590 789 1654 iuncti
853 1589 1101 1655 fuerant
1171 1591 1437 1655 diversis
1504 1591 1712 1655 modis
1777 1590 2023 1655 afflixit.
2130 1590 2444 1655 Minorem

214 1695 470 1759 quoque
511 1672 647 1738 Ans
697 1674 879 1737 randi
921 1674 1118 1739 filium
1162 1675 1670 1760 Liutprandumv
1724 1676 1791 1739 in
1834 1674 2168 1740 custodia‘l
2212 1675 2446 1759 tenuit3

208 1779 401 1843 quem
446 1760 598 1845 quia
641 1697 1093 1844 {espicabilem
1138 1782 1475 1845 personam
1506 1770 1606 1825 etr
1648 1760 1853 1825 adhuc
1898 1757 2443 1824 adulescentulum

208 1863 349 1906 esse
393 1845 742 1928 perspexit,
788 1864 915 1906 non
946 1840 1148 1906 solum
1177 1843 1245 1906 in
1275 1843 1409 1908 eius
1455 1866 1722 1931 corpore
1765 1843 2114 1909 vindictam
2159 1842 2440 1929 aliquam

205 1926 470 1991 minime
527 1927 811 2010 ingessit,
870 1926 981 1990 sed
1040 1950 1204 2007 eum,
1262 1938 1334 1992 ut
1387 1928 1467 1991 ad
1525 1938 1773 2015 patrem
1829 1950 2015 1992 suum
2070 1938 2436 2013 pergeret³,

200 2007 383 2073 abire
425 2011 731 2095 permisit.
820 2010 1008 2090 Quod
1053 2011 1177 2077 Dei
1222 2013 1670 2097 omnipotentis
1709 2015 1903 2076 nutut
1944 2011 2180 2075 factum
2223 2011 2438 2094 fuisse,

253 2094 320 2156 ui
363 2116 508 2156 eum
550 2093 634 2159 ad
675 2095 856 2179 regni
930 2095 1317 2160 ubernacula
1357 2093 1810 2181 praeparabat,
1856 2094 2119 2159 dubium
2164 2116 2293 2158 non
2324 2105 2436 2160 est.

204 2114 416 2261 fgitur
455 2175 809 2264 Liutprand
851 2116 934 2241 αἱ
977 2188 1221 2264 patrem
1266 2202 1451 2243 suum
1489 2180 1556 2242 in
1583 2179 1948 2242 Baioariam
2037 2178 2332 2261 rofectuS,
2378 2182 2437 2243 ei

206 2260 289 2324 de
335 2281 449 2324 suo
493 2261 805 2326 adventuu
863 2260 1323 2326 inaestimabile
1366 2262 1672 2348 gaudium
1714 2262 1883 2326 fecit.
2035 2284 2255 2326 xorem
2282 2284 2434 2327 vero

202 2344 574 2430 Ansprandi
617 2345 1099 2410 Theodoradam
1122 2359 1145 2388 V
1195 2348 1449 2411 nomine
1490 2368 1610 2411 rex
1650 2347 1910 2431 Aripert
1951 2345 2435 2432 conprehendiw

200 2427 372 2492 fecit.
469 2431 648 2511 Quae
716 2451 862 2494 cum
927 2451 995 2493 se
1058 2428 1381 2495 voluntate
1436 2430 1710 2494 feminea
1762 2429 2051 2514 reginam
2112 2429 2435 2494 futuram¹

200 2534 342 2576 esse
384 2513 665 2596 iactaret,
711 2525 911 2577 naso?
956 2523 1145 2600 atque
1188 2514 1448 2579 auribus
1478 2513 1763 2595 abscisiS,
1809 2512 2039 2578 decore
2069 2534 2221 2577 suae
2249 2513 2436 2578 faciei

199 2597 540 2683 deturpata
581 2608 695 2663 est.
767 2598 918 2662 Pari
961 2597 1151 2664 etiam
1201 2598 1391 2663 modo
1436 2609 1499 2663 et
1552 2618 1855 2684 germana
1896 2594 2277 2682 Liutprandi
2328 2618 2437 2660 no-

202 2681 373 2745 mine
416 2680 718 2745 Auronaz
767 2681 1067 2746 deformis
1113 2682 1338 2747 effecta
1381 2691 1495 2746 est.

368 2765 469 2829 23.
557 2766 702 2831 Hoc
745 2777 1031 2853 tempore
1088 2775 1286 2852 aput³
1331 2765 1573 2832 Gallias
1616 2767 1681 2829 in
1720 2766 2114 2829 Francorum
2170 2786 2437 2849 regnum

204 2846 482 2913 Anschis
496 2850 545 2931 ¹³,
588 2848 838 2914 Arnulfi
886 2848 1071 2934 filius,
1125 2852 1235 2938 qui
1293 2850 1372 2915 de
1415 2851 1669 2915 nomine
1711 2848 2069 2913 Anschise⁰
2115 2847 2438 2934 quondam

202 3033 252 3087 a)
286 3038 692 3088 conprehensoque
725 3037 766 3081 G
800 3040 838 3079 1.
959 3037 1006 3090 b)
1036 3041 1146 3080 deest
1179 3039 1214 3080 C
1247 3043 1288 3080 1.
1440 3038 1481 3091 c)
1515 3040 1656 3080 teudo
1688 3049 1804 3080 corr.
1839 3039 2002 3079 frendo
2035 3048 2073 3080 r.
2105 3038 2143 3077 F
2178 3039 2229 3088 ις
2261 3037 2436 3088 pseudo

201 3105 319 3137 corr.
351 3097 511 3137 freodo
546 3096 586 3137 G
619 3099 657 3150 1,
689 3102 726 3137 et
757 3098 855 3137 inde
885 3097 938 3141 R.
972 3102 1018 3138 et
1046 3099 1334 3139 Freodonem
1367 3109 1524 3148 regem
1555 3099 1620 3141 cd,
1645 3108 1747 3148 γῆς
1780 3098 1929 3148 pendo
1963 3100 2002 3135 G
2036 3098 2087 3146 23
2119 3106 2229 3146 rege
2263 3097 2304 3138 G
2323 3099 2362 3138 1.
2394 3097 2435 3139 2.

201 3150 257 3204 d)
290 3156 434 3195 truxit
462 3156 499 3195 F
534 3157 555 3195 1
608 3155 649 3197 G
682 3158 728 3207 13
778 3157 920 3197 trudit
963 3156 1004 3198 G
1037 3157 1087 3208 83
1134 3160 1320 3198 retrusit
1351 3157 1402 3211 C,
1431 3159 1622 3207 plerique
1650 3158 1719 3206 D;
1761 3157 1888 3196 misit
1917 3158 1959 3196 D
1994 3157 2033 3197 2.
2065 3157 2103 3196 F
2135 3156 2175 3197 5.
2297 3155 2340 3208 e)
2374 3156 2438 3195 ita

202 3212 242 3251 F
278 3213 327 3263 13
359 3214 537 3263 aliquos
568 3216 606 3255 Ε
643 3217 681 3256 1.
714 3216 752 3256 F
782 3216 824 3256 4.
861 3214 925 3266 G3
956 3217 1135 3266 aliquot
1163 3217 1300 3257 ceteri.
1441 3216 1478 3268 f)
1510 3227 1539 3256 a
1570 3217 1665 3256 vita
1699 3214 1740 3255 G
1771 3215 1810 3255 8.
1847 3216 1890 3255 4.
2026 3212 2072 3265 g)
2107 3214 2436 3255 comachinam

203 3271 243 3310 F
279 3271 319 3313 1.
354 3270 394 3312 G
427 3273 466 3312 1.
587 3272 633 3325 h)
668 3274 770 3323 Quo
800 3275 911 3314 deest
941 3274 982 3314 A
1016 3276 1066 3325 23
1100 3276 1200 3323 Quo
1236 3297 1289 3306 —
1322 3274 1606 3316 clavennam
1637 3275 1721 3313 des.
1755 3274 1807 3315 F.
1844 3273 1885 3314 G
1919 3274 2057 3323 1-43
2090 3274 2170 3322 qui
2200 3272 2436 3323 Anspran·

200 3330 293 3370 dus
325 3331 488 3371 deinde
518 3334 672 3383 pergit
702 3334 739 3373 1³
769 3335 820 3384 43
853 3334 944 3382 Qui
975 3335 1141 3375 delude
1174 3332 1215 3373 G
1245 3334 1317 3374 ba.
1337 3344 1373 3373 c.
1492 3331 1529 3385 i)
1561 3334 1624 3373 ica
1656 3335 1697 3372 A
1731 3334 1772 3373 1.
1809 3334 1850 3375 2.
1880 3333 1917 3372 Β
1938 3333 1978 3371 2.
2011 3332 2053 3371 H
2072 3334 2120 3381 15
2151 3331 2271 3380 rugit
2299 3332 2437 3371 ceteri.

205 3386 256 3440 k)
290 3389 353 3429 ita
383 3388 426 3429 A
458 3392 497 3431 2.
549 3391 583 3433 O
616 3388 674 3432 ’1.
724 3393 766 3432 D
803 3394 841 3434 1.
885 3393 923 3432 F
958 3395 1008 3443 13
1057 3393 1294 3433 RetIorum
1327 3391 1361 3432 G
1394 3394 1433 3433 2.
1464 3393 1500 3431 Ε
1532 3392 1575 3432 4.
1622 3391 1663 3432 G
1696 3393 1736 3433 1.
1773 3392 1811 3432 2.
1845 3390 1984 3440 5⁸..c3
2033 3389 2299 3430 Rhetiorum
2330 3391 2354 3430 1
2387 3392 2436 3440 23

203 3448 457 3489 Rethorum
487 3451 526 3490 B
560 3451 599 3490 2.
631 3451 670 3491 E
706 3453 758 3501 13
802 3451 1052 3492 Rhetorum
1097 3451 1139 3491 A
1170 3451 1211 3491 8.
1245 3452 1287 3491 D
1321 3452 1360 3492 8.
1395 3451 1431 3490 F
1464 3450 1516 3500 ὃς
1563 3450 1810 3491 Rectorum
1855 3448 1896 3489 A
1927 3451 1979 3498 ις
2024 3449 2266 3489 Reti-orum
2313 3448 2348 3489 O
2382 3451 2436 3498 1ς

203 3507 457 3548 Rotharum
490 3504 559 3550 HJ
697 3509 729 3561 1)
760 3510 990 3560 'rheudep.
1036 3510 1079 3550 A
1112 3513 1161 3561 13
1206 3510 1430 3560 Theudip.
1484 3512 1516 3547 (ε
1556 3512 1607 3559 23
1652 3508 1846 3559 Teudip.
1877 3509 1912 3547 F
1947 3509 1986 3549 1.
2023 3508 2064 3548 G
2097 3508 2136 3549 1.
2171 3508 2223 3557 83
2268 3508 2435 3557 Teutp.

204 3565 243 3607 Ο
276 3567 329 3617 1;
360 3567 596 3609 Theudeb.
629 3569 671 3608 D
706 3572 757 3618 23
790 3569 1020 3610 Theodob.
1052 3570 1094 3609 D
1130 3571 1169 3609 8.
1288 3566 1352 3619 m)
1388 3578 1526 3617 quam
1556 3568 1594 3608 F
1629 3572 1669 3608 1.
1705 3565 1802 3607 Gl.
1838 3567 1878 3608 2.
1911 3567 1932 3606 1
1966 3568 2019 3616 23
2051 3567 2100 3606 in
2133 3577 2176 3614 q,
2210 3566 2296 3609 dee.
2327 3567 2366 3606 B
2388 3567 2436 3616 83

206 3635 345 3674 quam
358 3626 411 3668 Α.
444 3628 715 3676 confugerat
733 3628 782 3669 Ο.
802 3629 869 3679 D3
902 3639 1038 3679 quam
1071 3628 1124 3668 A.
1157 3628 1450 3677 fugeratF4.
1471 3626 1608 3676 G5a3
1640 3636 1778 3676 quam
1810 3624 1863 3667 A.
1900 3624 2044 3666 fillum
2075 3625 2301 3666 invadens
2336 3626 2372 3664 G
2393 3626 2433 3666 2.

204 3681 255 3735 n)
289 3683 483 3735 Sigispr.
527 3684 565 3724 A
601 3686 651 3736 83
698 3686 887 3736 Sigisbr.
934 3689 976 3728 D
1010 3688 1059 3737 83
1108 3686 1275 3736 Sigibr.
1309 3686 1343 3727 G
1378 3688 1416 3726 l.
1464 3685 1506 3725 D
1541 3687 1580 3725 2.
1617 3688 1654 3725 G
1686 3686 1727 3729 4.
1759 3685 1783 3725 1
1816 3687 1857 3725 1.
1892 3685 1933 3736 2,
1964 3685 2066 3734 aliz}
2108 3683 2292 3733 silgibr.
2325 3683 2360 3725 Ο
2394 3685 2434 3724 2.

200 3738 249 3793 ο)
279 3744 657 3794 omnipotensque
689 3744 728 3785 A
763 3748 802 3787 2.
954 3744 1002 3798 p)
1035 3746 1224 3796 Liudpr.
1255 3746 1321 3786 vel
1349 3745 1536 3786 Liudbr.
1572 3742 1612 3784 G
1644 3745 1694 3793 23
1739 3742 1898 3793 Liupr.
1930 3744 1994 3782 vel
2022 3744 2205 3793 Liutpr.
2239 3743 2279 3784 G
2310 3744 2350 3784 8.
2382 3744 2434 3793 43

198 3800 391 3842 Lludbr.
422 3804 487 3843 vel
514 3803 701 3846 Leutbr.
735 3805 769 3846 G
804 3807 844 3846 1.
965 3803 1011 3856 q)
1046 3805 1295 3846 custodiam
1329 3802 1362 3845 C
1395 3800 1458 3848 ’1.
1490 3806 1530 3846 1.
1562 3805 1604 3844 D
1640 3803 1699 3844 1?
1732 3799 1989 3855 (custodia).
2021 3803 2075 3843 Ρ.
2108 3802 2166 3845 G.
2196 3803 2218 3841 1
2250 3803 2291 3854 2,
2321 3802 2437 3853 quod

204 3859 255 3899 ὄπ
284 3861 507 3912 archetypo
527 3863 671 3911 ,sitisse
695 3864 903 3913 putarim.
1037 3862 1077 3915 r)
1110 3865 1220 3905 dccet
1253 3864 1287 3905 C
1319 3860 1380 3903 ·1.
1417 3865 1457 3904 1.
1595 3859 1635 3913 s)
1666 3863 1776 3901 deest
1805 3863 1841 3901 Ε
1876 3863 1915 3902 1.
2064 3859 2098 3912 t)
2131 3865 2290 3901 nutum
2321 3863 2358 3902 1³
2392 3862 2433 3903 1.

206 3914 257 3968 u)
305 3919 551 3961 adventum
623 3921 663 3963 G
696 3923 853 3965 1—4.
1030 3921 1077 3974 v)
1126 3923 1472 3963 Theodersdsm
1532 3922 1575 3962 D
1609 3922 1650 3962 8.
1714 3920 1754 3961 G
1788 3921 1836 3971 83
1910 3920 2211 3961 Theoderada
2276 3919 2319 3960 A
2350 3917 2433 3969 ‘33

204 3976 541 4020 Theoderatam
572 3979 613 4020 A
645 3982 694 4030 ὃς
726 3981 1076 4022 Theuderadam
1125 3982 1159 4024 O
1193 3984 1232 4021 1.
1379 3980 1440 4032 w)
1475 3980 1809 4031 conprehendit
1837 3981 1873 4019 Ε
1907 3982 1944 4019 1.
2095 3976 2144 4030 x)
2176 3978 2285 4018 deest
2316 3978 2358 4018 A
2392 3979 2432 4020 2.

204 4032 254 4086 y)
290 4046 452 4078 nasum
483 4038 525 4080 G
559 4042 687 4082 1-8.
881 4037 924 4091 z)
956 4040 1113 4081 Arous.
1156 4042 1194 4081 B
1229 4042 1280 4091 23
1324 4040 1516 4081 Aurum.
1547 4041 1584 4080 Γ
1616 4041 1667 4090 23
1711 4038 1891 4079 Aurora
1923 4038 1965 4080 G
1995 4039 2065 4079 bs.
2247 4035 2291 4088 a)
2325 4038 2435 4077 deest

209 4092 252 4135 G
283 4095 324 4136 8.
355 4095 398 4138 4.
575 4095 623 4151 b)
670 4098 835 4140 Auscis
880 4110 992 4142 corr.
1039 4099 1234 4140 Auschis
1282 4100 1318 4140 1³·
1354 4102 1393 4141 1.
1446 4098 1568 4140 Gl'?
1617 4100 1781 4140 Auscis
1826 4099 1864 4137 B
1899 4098 1940 4138 2.
1986 4097 2024 4136 F
2055 4093 2115 4136 ’2.
2149 4096 2200 4145 8;
2262 4095 2434 4137 Auchis

200 4152 246 4194 A
278 4154 324 4194 4.
358 4153 399 4266 (ζ
430 4155 482 4204 8;
513 4154 651 4198 Αιιείε
682 4156 720 4197 1³³
752 4160 803 4209 23
848 4158 1038 4199 Ansichi
1068 4158 1110 4199 A
1141 4155 1216 4210 ’ὃς
1264 4159 1486 4200 Ansechis
1517 4159 1555 4198 Ε
1592 4160 1644 4208 13
1689 4156 1965 4205 Ansegissus
1996 4155 2039 4195 D
2074 4156 2113 4196 2.
2269 4153 2312 4206 c)
2340 4155 2433 4196 An·

202 4212 375 4273 chiseoe
425 4214 461 4254 F
495 4217 537 4257 1.
574 4215 614 4257 G
646 4219 684 4257 1.

204 4372 261 4438 1)
307 4372 630 4426 Ghiavenna.

2467 1020 2482 1039 ’
2501 1035 2546 1074 p.
2584 1024 2683 1068 172.
