3042 4909
466 453 688 506 PAULI
727 454 1076 508 HISTORIA
1115 457 1790 511 LANGOBARDORUM.
1867 457 2012 509 LIB.
2053 457 2158 509 111.
2349 457 2465 508 115-

226 617 299 682 ad
338 617 614 684 Gallias⁰
659 621 1010 687 deliberant
1051 625 1336 707 redireb,
1383 625 1626 690 scilicet
1669 636 1739 692 ut
1781 649 1821 692 a
1864 625 2259 712 Sigisperto⁶
2302 649 2464 712 rege·

230 705 550 790 suseepti1,
596 706 732 769 eius
769 708 1062 792 possintd
1105 708 1423 773 adiutorio
1468 708 1552 773 ad
1639 711 1866 775 atriam
1909 732 2212 776 remeare.
2301 709 2451 775 Cer-

228 796 383 851 tum²
428 797 524 853 est
559 800 795 872 autem,
840 790 998 855 hos⁰
1045 790 1335 856 Saxones
1366 792 1510 857 ideo
1556 813 1595 855 a
1665 792 1918 859 Italiam
1963 816 2110 859 cum
2139 795 2450 860 uxoribus

227 878 283 934 et
298 871 572 957 parvulis
595 871 970 957 advenisse,
1000 884 1071 939 ut
1099 876 1166 939 in
1196 897 1273 942 ea
1293 876 1581 942 habitare
1604 874 1975 961 deberent‘3
2006 878 2118 943 sed
2185 891 2451 945 uantum

228 952 396 1018 datur
436 955 741 1042 intellegi,
785 957 1125 1024 noluerunt
1151 958 1728 1046 Langobardorum
1771 962 2057 1048 imperiis
2097 985 2173 1027 su
2219 965 2449 1029 iacere.

228 1036 343 1102 Sed
383 1061 592 1126 neque
637 1043 728 1105 eis
771 1063 811 1105 a
840 1041 1286 1128 Langobardis
1330 1044 1714 1129 permissum
1760 1056 1856 1110 est
1896 1046 1964 1108 in
2006 1049 2267 1134 proprio
2310 1049 2448 1113 iure

222 1121 566 1206 subsistere,
611 1123 884 1211 ideoque
913 1128 1372 1192 aestimanturss
1415 1127 1498 1192 ad
1536 1150 1718 1193 suam
1746 1130 2019 1215 patriam
2048 1132 2387 1216 repedasse
2400 1134 2448 1196 ¹¹.

222 1206 303 1272 Hi
343 1205 583 1270 Gallias
643 1208 1010 1293 ingressuri,
1071 1210 1230 1275 duos
1290 1233 1374 1275 ex
1432 1234 1499 1283 se
1559 1234 1796 1277 cuneos
1847 1212 2119 1296 faciunt3
2178 1225 2242 1281 et
2284 1238 2447 1280 unus

223 1291 465 1379 quidem
510 1313 750 1358 cuneus
827 1316 896 1358 er
924 1293 1193 1360 Niceam
1221 1295 1464 1377 urbem,
1511 1294 1669 1360 alter
1702 1319 1853 1363 vero
1883 1319 1998 1382 per
2025 1297 2446 1364 Ebredunum

222 1377 534 1461 ingressus
579 1386 693 1458 est,
739 1377 757 1439 i
807 1400 846 1442 a
886 1387 1210 1444 revertens
1253 1380 1381 1460 via,
1427 1400 1621 1466 quam
1650 1401 1817 1444 anno
1870 1383 2222 1467 superiorei
2267 1393 2445 1448 tenu-

218 1468 358 1526 erat.
428 1459 540 1543 Hi,
575 1461 727 1546 quia
754 1471 1008 1547 tempus
1038 1463 1343 1528 messium
1374 1473 1527 1546 erat,
1575 1462 1943 1548 colligentes
1973 1486 2050 1529 ac
2078 1466 2445 1532 triturantes

213 1544 537 1628 frumenta,
584 1544 1003 1611 comedebant
1045 1558 1160 1609 ac³
1208 1548 1340 1611 suis
1369 1546 1800 1612 animantibus
1843 1547 1927 1611 ad
1967 1571 2147 1614 esum
2183 1550 2445 1634 praebe-

210 1625 371 1693 bant.
427 1627 1007 1713 Depraedabantur
1094 1631 1335 1714 ecorak,
1380 1630 1492 1695 sed
1535 1652 1655 1696 nec
1695 1630 1779 1695 ab
1820 1632 2129 1697 incendiis
2171 1631 2444 1700 abstine·

213 1711 375 1777 bant.
450 1712 577 1792 Qui
621 1732 767 1777 cum
810 1712 894 1778 ad
923 1714 1019 1778 Ro
1065 1735 1259 1778 anum
1303 1735 1558 1779 amnem
1601 1715 2055 1800 pervenissent,
2101 1727 2191 1799 ut,
2235 1728 2440 1783 trans-

211 1806 409 1861 meato
455 1818 551 1878 e0,
606 1818 806 1882 regno
852 1820 919 1862 se
965 1797 1303 1898 Sigisperti
1349 1798 1725 1883 conferrent,
1782 1801 2060 1864 occurrit
2101 1801 2190 1866 eis
2234 1802 2443 1866 Mum-

207 1879 408 1944 mulus
461 1892 652 1944 cum⁴
708 1878 925 1945 valida
981 1880 1408 1947 multltudine.
1495 1883 1681 1947 Tunc
1736 1880 1826 1946 illi
1880 1881 2101 1947 valde¹
2166 1885 2307 1949 viso
2366 1908 2442 1951 eo

206 1964 512 2047 timentes,
555 1964 721 2028 datis
751 1986 869 2051 pro
899 1965 1339 2051 redemptione
1369 1987 1485 2030 sua
1514 1967 1731 2031 multis
1761 1968 1902 2030 auri
1928 1968 2440 2051 numismatibus,

203 2047 579 2113 Rodanumm
609 2049 876 2114 transire
953 2050 1200 2114 ermissi
1229 2059 1396 2114 sunt.
1456 2051 1641 2131 Quin·
1660 2062 1683 2096 ³
1715 2049 1872 2114 dum
1900 2050 1983 2113 ad
2015 2050 2443 2138 Sigispertum

202 2153 414 2217 regem
434 2174 443 2185 -
457 2143 753 2218 pergunt,
800 2154 865 2195 m
936 2143 1033 2198 tos
1075 2135 1143 2197 in
1170 2134 1397 2199 itinere
1425 2134 1857 2219 negotiatione
1887 2154 2005 2197 sua
2033 2133 2439 2221 deceperunt,

199 2214 633 2280 venundantes
675 2215 929 2302 regulas
970 2218 1164 2297 aeris,
1224 2239 1389 2304 quae
1433 2218 1550 2299 ita,
1611 2219 1828 2283 nescio
1874 2217 2215 2316 quomodO,
2261 2231 2441 2284 erant

199 2298 532 2383 coloratae,
575 2310 647 2365 ut
688 2301 828 2364 auri
858 2301 1112 2387 probati
1142 2308 1331 2387 atque
1364 2300 1710 2365 examinati
1740 2320 2019 2386 speclem
2050 2301 2438 2366 simularent.

193 2382 382 2448 Unde
446 2381 733 2447 nonnulli
797 2383 962 2448 hoc⁰
1027 2382 1172 2448 dolo
1239 2385 1518 2464 seducti,
1587 2384 1808 2448 dantes
1873 2404 2100 2447 aurum
2165 2396 2228 2451 et
2290 2400 2439 2450 aest)

184 2467 569 2552 accipientes
585 2516 603 2550 ,
662 2489 977 2555 pauperes
1034 2478 1182 2533 sunt
1235 2467 1460 2533 effecti.
1546 2467 1996 2533 Pervenientes
2037 2476 2251 2535 tamen
2268 2484 2297 2526 ‘1
2340 2471 2424 2536 ad

181 2572 404 2700 regprm
464 2551 888 2639 Sigispertum
905 2600 922 2633 ,
993 2552 1078 2617 ad
1134 2552 1351 2617 locum
1409 2551 1579 2616 unde
1634 2551 1812 2637 prius
1870 2553 2112 2636 egressi
2172 2554 2424 2622 fuerant

184 2656 252 2699 re
306 2636 320 2651 ⁶
360 2658 395 2700 e
438 2637 733 2721 permissi
775 2644 925 2701 sunt
942 2647 985 2700 ⁶.

364 2721 421 2784 7.
511 2719 813 2800 Quidum
836 2719 921 2784 ad
942 2740 1125 2783 suam
1142 2732 1166 2763 ¹
1196 2720 1466 2805 patriam
1487 2720 1831 2802 venissent,
1859 2719 2258 2805 invenerunt,
2289 2744 2432 2787 eam

186 2802 315 2867 ad’
353 2802 620 2868 Suavist
664 2814 729 2868 et
769 2803 909 2868 aliis
947 2802 1266 2890 gentibus,
1312 2804 1480 2868 sicut
1508 2824 1704 2888 supra
1733 2807 2371 2871 commemoravimus
2392 2819 2434 2887 ⁶¹,

187 2887 470 2955 retineri.
537 2887 814 2953 Contra⁸
849 2909 1011 2987 quos
1040 2888 1464 2972 insurgentes,
1496 2888 1708 2952 conati
1738 2897 1885 2952 sunt
1913 2909 2022 2952 eos
2052 2888 2436 2955 extrudereu

184 2993 263 3036 ac
323 2969 556 3036 delere.
643 2971 734 3035 At
789 2969 923 3035 ilhv
980 2969 1344 3057 optulerunt
1396 2972 1488 3035 eis
1545 2971 1795 3037 tertiam
1847 2982 2098 3057 partem
2140 2975 2437 3060 regionis,

181 3054 505 3120 dicentes:
569 3053 798 3120 ‘Simul
860 3077 1202 3139 possumus
1254 3055 1473 3119 vivere
1531 3065 1596 3119 et
1651 3055 1786 3120 sine
1853 3054 2199 3123 conlisione
2268 3078 2436 3122 com·

180 3138 507 3204 munitm-⁹
549 3138 877 3204 habitare'.
974 3139 1140 3204 Cum
1188 3161 1268 3203 ue
1311 3136 1457 3201 illiw
1499 3135 1672 3202 nullo
1702 3136 1896 3203 modo
1934 3138 2436 3225 adquiescerent,

178 3221 422 3287 dehinc
468 3221 836 3308 optulerunt
877 3223 969 3287 eis
987 3235 1018 3265 ¹
1060 3244 1162 3286 me
1208 3222 1497 3303 ietatem3
1557 3231 1704 3307 post
1759 3220 1920 3287 haec
1977 3221 2137 3287 duas
2192 3234 2435 3310 partes,

176 3412 225 3466 a)
260 3412 428 3455 Gallie
460 3412 502 3455 G
537 3414 575 3453 1.
696 3410 745 3463 b)
775 3413 938 3454 venire
971 3412 1006 3454 0
1041 3414 1080 3455 1.
1203 3409 1245 3463 c)
1280 3410 1447 3460 sig-inb.
1484 3410 1519 3452 Ο
1554 3411 1594 3451 1.
1628 3409 1669 3451 G
1701 3412 1742 3462 1,
1787 3421 1901 3450 corr.
1937 3409 2083 3460 sigib.
2117 3410 2159 3453 G
2189 3412 2240 3460 23
2285 3410 2432 3462 simp.

177 3472 223 3513 G
257 3473 316 3522 ὃς
369 3470 515 3521 sign).
562 3473 626 3512 vel
669 3470 825 3520 sigeb.
875 3471 917 3510 D
952 3471 992 3511 2.
1027 3472 1069 3524 8,
1115 3471 1210 3515 alii.
1360 3468 1406 3521 d)
1438 3474 1628 3520 possent
1672 3469 1711 3508 B
1748 3470 1788 3509 1.
1941 3467 1985 3520 e)
2017 3470 2277 3510 hosuones
2322 3471 2359 3509 F
2393 3472 2434 3512 1.

170 3528 212 3582 f)
250 3531 454 3572 deberet
496 3531 533 3570 F
567 3532 607 3572 1.
644 3529 686 3571 G
718 3532 769 3580 13
818 3530 987 3571 debere
1022 3529 1063 3570 G
1093 3530 1134 3571 8.
1289 3525 1335 3580 g)
1366 3528 1648 3569 extimentur
1692 3528 1732 3568 A
1767 3529 1807 3568 1.
1857 3529 1894 3567 F
1928 3530 1979 3578 ις
2024 3528 2348 3569 existimentur
2380 3527 2434 3569 G.

172 3588 225 3641 h)
263 3589 577 3640 repedassent
605 3590 642 3629 F
676 3591 716 3629 1.
852 3586 888 3640 i)
921 3589 1151 3639 superiori
1184 3588 1218 3630 Ο
1253 3588 1292 3628 1.
1327 3586 1369 3628 G
1401 3587 1440 3629 3.
1475 3607 1528 3618 --
1575 3590 1827 3628 tenuerunt
1856 3585 1898 3626 A
1931 3587 1983 3638 83
2028 3589 2275 3627 tenuerent
2306 3586 2342 3628 0
2373 3583 2436 3628 ‘1.

172 3647 228 3700 k)
262 3658 472 3700 corpora
503 3647 601 3690 Gl.
635 3648 676 3688 8.
711 3648 845 3689 5b.c.
939 3645 974 3698 1)
1009 3648 1121 3688 deest
1153 3642 1265 3689 0‘1.
1298 3647 1350 3688 F.
1386 3644 1450 3696 G;
1479 3646 1581 3686 viso
1615 3656 1671 3686 eo
1702 3645 1841 3687 valde
1874 3645 1969 3687 01.
2062 3642 2126 3697 m)
2159 3645 2269 3685 deest
2298 3645 2351 3687 F.
2380 3644 2437 3688 G.

165 3705 222 3759 n)
261 3708 366 3756 Qui
401 3729 454 3738 —
485 3707 701 3757 permissi
731 3710 838 3748 sunt
868 3705 954 3747 aee.
989 3705 1023 3747 C
1044 3707 1084 3746 8.
1177 3703 1223 3757 ο)
1258 3705 1373 3746 ohoc
1402 3705 1508 3755 F13
1542 3704 1688 3744 obhoc
1723 3704 1761 3745 G
1780 3705 1820 3745 1.
1841 3705 1941 3746 23.
1975 3704 2058 3745 18.
2148 3702 2197 3756 p)
2217 3707 2314 3745 stes
2335 3703 2436 3745 As.

163 3764 217 3817 q)
255 3766 461 3808 tandem
490 3766 533 3805 D
567 3766 610 3806 2.
645 3766 687 3807 8.
810 3762 850 3817 r)
882 3765 993 3806 deest
1023 3765 1060 3804 F
1089 3766 1129 3806 1.
1251 3762 1291 3816 s)
1324 3764 1386 3804 ita
1417 3762 1519 3804 Al.
1554 3760 1614 3803 ’2.
1649 3763 1690 3806 2.
1722 3764 1758 3802 F
1793 3766 1843 3814 13
1877 3773 1905 3804 ο.
1935 3764 2073 3804 ceteri.
2190 3761 2227 3814 t)
2261 3761 2438 3803 Sutevis

159 3824 203 3865 B
244 3826 292 3867 1.
331 3825 371 3866 C
407 3827 430 3865 1
462 3826 649 3875 saepius.
774 3821 821 3876 u)
852 3824 1087 3864 destruere
1120 3822 1170 3865 0.
1204 3823 1262 3863 D.
1294 3823 1340 3863 Η
1369 3825 1410 3864 1.
1443 3822 1468 3862 1
1500 3824 1551 3872 15
1585 3821 1844 3864 instrudere
1878 3822 1984 3871 G13
2016 3823 2291 3872 impugnare
2325 3820 2437 3870 G83

163 3884 459 3925 extruderet
490 3893 518 3922 a
547 3883 704 3924 delere
733 3883 771 3922 F
804 3886 845 3925 1.
946 3880 994 3933 v)
1027 3882 1123 3922 illis
1153 3882 1190 3921 F
1224 3884 1264 3923 1.
1371 3879 1432 3933 w)
1463 3881 1575 3921 deest
1605 3880 1657 3920 F.
1693 3878 1755 3933 (ὴ
1787 3892 1891 3922 cum
1920 3881 2008 3921 hoc
2041 3879 2083 3921 G
2114 3880 2181 3921 50.
2286 3877 2336 3932 x)
2371 3881 2438 3919 ets

162 3941 357 3982 dehinc
392 3952 452 3984 m.
484 3942 523 3981 B
558 3944 600 3986 1.
620 3962 670 3972 —
691 3942 940 3983 medietate
970 3940 1008 3980 F
1041 3942 1083 3983 1.

165 4104 230 4173 1)
281 4104 527 4159 Collecti
562 4109 619 4158 in
657 4107 778 4160 loco
814 4106 957 4159 unde
997 4105 1201 4173 egressi
1235 4104 1448 4156 fuerant
1483 4104 1875 4157 stabilerentur.
1906 4104 2061 4172 arey.
2211 4100 2271 4169 2)
2312 4102 2439 4155 Cer-

158 4185 296 4231 tum
361 4208 435 4217 —
487 4181 565 4230 Hi
621 4180 827 4232 Gallias
890 4180 1182 4245 ingressuri
1235 4176 1444 4228 Paulus
1504 4175 1716 4243 adiecit.
1884 4175 1945 4244 3)
1984 4193 2049 4228 ac
2087 4177 2198 4229 suis
2236 4202 2305 4214 -
2346 4177 2438 4227 ab·

156 4252 466 4304 stinebent
498 4251 711 4305 Paulus
748 4251 957 4322 adiecit.
1105 4250 1166 4317 4)
1198 4265 1320 4301 cnm
1357 4267 1410 4301 v.
1450 4265 1520 4300 m.
1548 4247 1777 4302 Paulus.
1929 4246 1989 4315 ὅ)
2027 4250 2130 4312 Qui
2167 4275 2242 4287 —-
2280 4248 2439 4300 dece-

149 4331 385 4392 perunt
437 4324 667 4378 Paulus.
855 4323 915 4393 6)
952 4326 1009 4377 in
1046 4325 1168 4376 loco
1228 4349 1293 4360 -
1352 4327 1476 4374 sunt
1531 4320 1758 4374 stabiliti
1815 4320 1972 4388 Grey.
2163 4322 2217 4385 ⁷)
2258 4320 2343 4385 II,
2385 4321 2437 4372 6.

152 4397 222 4462 8)
271 4398 378 4450 Ex
419 4397 574 4465 Greq.
627 4397 688 4463 V,
731 4399 818 4453 15.
971 4396 1031 4464 9)
1072 4402 1126 4449 et
1163 4396 1512 4448 communiter
1550 4394 1791 4446 habitare
1828 4393 2057 4445 Paulus.

1894 4492 1928 4541 8
1951 4491 1974 4516 ι.
