3042 4909
434 603 535 643 569.

429 1531 530 1571 569.

556 421 626 470 90
843 418 1067 470 PAULI
1105 417 1452 470 HISTORIA
1488 418 2165 472 LANGOBARDORUM.
2239 419 2386 470 LIB.
2427 419 2502 470 11.

724 587 782 651 8.
801 596 827 627 a
912 587 1120 670 Igitur
1172 586 1361 650 cumb
1421 590 1539 650 rex
1599 584 1839 651 Alboin
1894 608 2043 651 cum
2101 587 2274 650 omni
2332 609 2448 652 suo
2505 587 2797 652 exercitu

553 668 862 756 vulgique
926 670 1314 755 promiscui⁰
1379 670 1787 735 multitudine
1837 670 1923 735 ad
1972 680 2294 736 extremos
2342 670 2569 735 Italiae
2633 670 2793 736 fines

551 755 963 853 pervenisset,
1008 762 1288 818 montem
1334 754 1446 839 qui
1487 755 1557 817 in
1606 754 1845 819 eisdem
1893 753 2050 818 locis
2113 754 2432 841 prominet
2490 753 2796 837 ascendit,

551 838 847 924 mdeque,
878 846 1083 963 ίΡιόιιι
1106 838 1474 922 conspicere
1519 838 1746 924 potuit,
1836 848 2038 903 artem
2067 837 2290 902 Italiae
2331 838 2797 924 contemplatus

553 931 666 986 est.
735 923 864 1002 Qui
937 943 1120 985 mons
1211 932 1426 1006 ropter
1451 922 1635 1003 hanc,
1681 932 1753 986 ut
1807 932 1995 1004 ertur,
2020 943 2279 986 causam
2302 943 2386 986 ex
2407 943 2481 987 eo
2509 931 2796 1008 tempore

549 1028 734 1070 mons
762 1007 961 1090 Regis
1009 1028 1178 1092 appe
1225 1016 1367 1070 atus
1411 1014 1508 1070 est
1531 1019 1572 1069 ¹.
1665 1005 1924 1087 Ferunt,
1967 1007 2035 1069 in
2075 1005 2200 1077 hoc
2240 1014 2459 1071 monte
2513 1004 2799 1071 bisontes

547 1089 714 1154 feras
768 1090 1053 1154 enutriri.
1136 1089 1274 1153 Nec
1317 1089 1553 1152 mirum
1577 1100 1622 1170 ⁰,
1681 1110 1828 1154 cum
1869 1113 1945 1154 us
1994 1110 2075 1153 ue
2128 1088 2293 1154 hucr
2354 1091 2797 1154 Pannoniam&

550 1174 873 1259 pertingat
889 1185 911 1219 ²
930 1223 946 1256 ,
1020 1195 1185 1258 quae
1245 1172 1469 1236 horum
1529 1174 1949 1238 animantium
2046 1173 2231 1238 ferax
2287 1183 2402 1239 est.
2495 1174 2797 1271 Denique

519 1257 767 1324 ‚retulit
794 1257 951 1321 mihi
996 1258 1259 1343 quidam
1302 1257 1753 1321 veracissimus
1784 1279 2010 1340 senex,
2067 1255 2225 1322 talei
2283 1261 2309 1288 *
2326 1280 2395 1322 se
2440 1259 2684 1321 corium
2728 1280 2796 1320 1n

549 1341 672 1406 hoc
732 1351 947 1406 monte
1015 1341 1210 1404 occisi
1275 1341 1546 1405 bisontis
1610 1341 1880 1423 vidisse,
1936 1343 2006 1405 in
2069 1362 2194 1427 quo
2262 1340 2661 1428 quindecim,
2725 1350 2799 1405 ut

551 1427 791 1507 aiebat,
849 1426 1156 1506 homines,
1203 1445 1366 1487 unus
1409 1425 1594 1489 iuxta
1635 1424 1830 1488 alium
1873 1425 2229 1511 potuisset¹¹
2274 1423 2531 1490 cubare.

718 1508 811 1573 9.¹
913 1508 1200 1593 Indeque
1242 1506 1483 1572 Alboin
1526 1528 1675 1571 cum
1720 1508 2028 1573 Venetiae
2072 1507 2231 1573 fines
2252 1518 2310 1591 ³,
2378 1531 2543 1596 quae
2588 1509 2797 1594 prima

551 1602 646 1657 est
686 1591 910 1657 Italiae
951 1591 1302 1677 provincia,
1346 1592 1483 1655 sine
1527 1589 1743 1677 aliquo
1789 1590 2140 1674 obstacu10,
2183 1591 2349 1655 hoc¹¹²
2380 1603 2478 1656 est
2521 1592 2795 1657 civitatis

547 1674 650 1741 vel
691 1675 905 1762 potius
936 1675 1123 1739 castri
1152 1674 1527 1740 Foroiulani
1541 1686 1584 1717 ¹¹·
1602 1686 1629 1721 ⁴
1670 1677 1975 1740 terminos
2012 1676 2352 1757 introisset,
2396 1675 2795 1761 perpendere

549 1800 594 1853 a)
622 1803 701 1842 hoc
745 1813 839 1851 cap.
880 1803 1151 1851 praecedenti
1197 1802 1439 1851 adjunqunt
1483 1802 1526 1841 A
1558 1802 1599 1843 2.
1645 1802 1690 1841 H
1723 1804 1765 1843 1.
1928 1800 1976 1857 b)
2008 1803 2119 1840 deest
2150 1801 2193 1842 G
2225 1802 2266 1841 2.
2317 1823 2370 1831 ——
2416 1811 2499 1840 rex
2528 1802 2640 1840 deest
2673 1800 2716 1841 G
2745 1802 2788 1842 4.

547 1861 589 1912 c)
618 1863 884 1911 promiscua
915 1860 976 1909 G3
1018 1861 1290 1910 promiscuit
1318 1871 1456 1901 sexus
1488 1870 1550 1901 m.
1582 1862 1620 1901 B
1656 1864 1696 1901 1.
1840 1858 1888 1909 d)
1922 1860 2012 1909 Qui
2062 1881 2114 1890 —
2162 1859 2424 1910 appellatus
2456 1863 2527 1901 est
2555 1860 2644 1899 dee.
2676 1858 2712 1901 O
2745 1860 2788 1903 8.

547 1920 591 1972 e)
626 1931 805 1960 murum
837 1921 879 1959 A
911 1921 954 1959 2.
1090 1917 1126 1969 f>
1159 1919 1246 1959 hoc
1276 1920 1315 1959 B
1352 1921 1400 1968 ις
1448 1920 1507 1959 ad
1550 1919 1586 1960 O
1618 1916 1698 1959 ‘1⁶2
1726 1919 1810 1968 4b;
1854 1930 2026 1958 erasum
2057 1920 2099 1959 D
2135 1921 2188 1968 13
2233 1919 2345 1958 deest
2378 1918 2413 1959 C
2447 1921 2494 1968 13
2537 1918 2613 1958 hic
2644 1929 2791 1967 usque

545 1992 565 2020 e
596 1990 709 2019 corr.
741 1980 783 2018 D
820 1981 858 2030 1,
917 1983 954 2017 ee
985 1978 1106 2017 itaD
1143 1980 1221 2026 1a;
1268 1978 1338 2017 his
1371 1988 1516 2027 usque
1546 1978 1589 2017 D
1622 1979 1666 2017 2.
1701 1978 1753 2026 ὃς
1800 1978 1841 2017 is
1871 1989 2017 2028 usque
2048 1978 2091 2017 D
2124 1977 2165 2020 3.
2195 1978 2237 2016 4.
2269 1977 2311 2018 8.
2464 1976 2511 2028 g)
2544 1977 2793 2018 Pannonia

548 2035 666 2079 A‘s.
702 2039 742 2078 3.
776 2039 818 2079 4.
854 2039 894 2078 5.
928 2039 965 2077 F
998 2037 1038 2078 5.
1075 2036 1117 2076 G
1147 2036 1187 2078 3.
1222 2038 1265 2078 4.
1299 2037 1370 2076 5a.
1404 2037 1447 2077 b.
1480 2038 1504 2076 1
1540 2039 1587 2086 13
1618 2039 1729 2076 decet
1758 2037 1795 2076 F
1826 2038 1869 2079 4.
1991 2034 2042 2088 h)
2074 2036 2348 2076 animalium
2381 2034 2439 2076 G.
2575 2035 2610 2086 i)
2644 2036 2789 2076 talem

548 2098 588 2138 A
620 2097 662 2137 3.
696 2096 731 2137 C
764 2098 805 2138 2.
842 2097 879 2136 G
912 2098 962 2145 43
1023 2096 1105 2135 tali
1138 2095 1180 2137 G
1211 2095 1278 2136 5c.
1313 2118 1365 2127 —
1396 2107 1447 2137 se
1493 2106 1587 2137 cor.
1636 2097 1723 2137 dee.
1771 2096 1807 2134 F
1844 2098 1864 2136 ι
1915 2095 2029 2148 (cor.
2072 2099 2174 2145 post
2218 2092 2415 2146 mppl.);
2490 2098 2525 2134 t.
2559 2095 2611 2135 in
2641 2095 2689 2135 h.
2724 2105 2786 2137 m.

546 2156 667 2198 o.b.
716 2157 888 2197 corium
936 2155 1138 2195 G1-4.
1288 2152 1434 2205 k)ita
1479 2156 1671 2199 Α1.2.
1714 2155 1753 2195 Β
1790 2153 2793 2204 1.2.01.D1.1·31.F1.G1.H1;

545 2216 807 2267 potuissent
846 2216 937 2254 alii.
1090 2211 1127 2266 l)
1158 2213 1332 2263 Incipit
1372 2214 1737 2263 provinciarium
1777 2224 1990 2263 super-scr.
2020 2212 2059 2252 A
2093 2215 2136 2255 4.
2171 2233 2224 2244 -
2255 2214 2300 2252 K
2332 2217 2372 2264 1,
2413 2213 2479 2251 his
2517 2217 2555 2252 et
2599 2217 2791 2263 quamor

545 2275 816 2325 sequentibus
845 2273 1046 2324 capitulis
1077 2273 1257 2323 omissis,
1287 2272 1352 2311 ica
1382 2273 1534 2312 habet:
1583 2272 1704 2321 Quia
1734 2273 1889 2323 sepius
1934 2272 2220 2313 nominanda
2251 2273 2448 2312 occurrit
2477 2271 2649 2323 Ytalia,
2681 2272 2789 2312 ideo

545 2335 748 2374 breviter
793 2334 1090 2374 describatur.
1155 2331 1393 2382 Siquidem
1440 2333 1591 2372 omnis
1624 2332 1797 2384 Ytalia,
1843 2343 1935 2382 que
1968 2344 1997 2372 a
2042 2332 2175 2372 cirtio
2208 2332 2258 2370 in
2306 2342 2468 2372 eurum
2511 2331 2789 2382 extenditur,

547 2393 720 2444 Tyr-eni
753 2396 889 2443 atque
921 2392 1147 2432 Adriatici
1179 2390 1318 2431 maris
1363 2391 1579 2431 fluctibus
1610 2392 1826 2442 ambitur,
1872 2392 2047 2431 habens
2097 2391 2155 2430 ab
2186 2390 2348 2431 affrico
2380 2390 2615 2440 'tyrenum
2648 2400 2790 2442 mare,

546 2463 575 2491 a
603 2452 770 2491 horrea
802 2452 1086 2491 Adriaticum
1118 2450 1284 2502 sinum,
1332 2451 1387 2490 ab
1429 2451 1622 2491 occiduo
1653 2461 1765 2491 vero
1798 2454 1845 2492 et
1885 2451 2104 2501 aquilone
2135 2450 2255 2499 iugis
2288 2449 2474 2499 Alpium
2504 2450 2572 2488 ita
2603 2449 2793 2489 circum·

546 2511 762 2561 cluditur,
795 2515 845 2550 ut
877 2508 1100 2562 non[nisi]
1135 2519 1220 2559 per
1260 2513 1481 2558 angustos
1528 2514 1709 2551 meatus
1740 2513 1787 2550 et
1816 2520 1901 2560 per
1931 2520 2111 2549 summa
2154 2510 2267 2557 iuga
2298 2510 2521 2548 montium
2552 2509 2699 2558 possit
2727 2508 2800 2547 in·

544 2570 692 2620 troiri,
724 2570 781 2609 ab
815 2571 993 2609 oriente
1024 2578 1149 2619 vero,
1196 2567 1276 2609 ubi
1306 2570 1516 2609 Panonie
1549 2570 1859 2620 coniungitur,
1904 2568 2080 2617 largius
2124 2571 2361 2617 patentem
2393 2571 2439 2608 et
2467 2567 2793 2617 planissimum

544 2628 684 2668 habet
713 2628 988 2677 ingressum.
1049 2627 1183 2666 Licet
1222 2629 1476 2667 secundum
1517 2628 1838 2669 venerabilem
1883 2628 2081 2667 Paulum
2119 2626 2530 2675 Langobardorum
2576 2625 2789 2666 historio-

547 2686 769 2736 graphum
803 2686 959 2726 Ytalia
987 2686 1091 2735 ipsa
1120 2686 1169 2724 in
1197 2685 1251 2724 18
1282 2687 1601 2726 tantummodo
1631 2687 1894 2735 provincias
1926 2686 2173 2735 dividatur,
2204 2690 2362 2725 tamen
2391 2685 2641 2725 traditione
2672 2685 2789 2725 veri·

546 2745 664 2794 dica,
696 2745 949 2784 secundum
980 2744 1104 2791 quod
1134 2753 1193 2783 ex
1225 2745 1427 2792 antiquis
1460 2747 1508 2785 et
1538 2746 1672 2784 novis
1700 2745 1942 2783 Ytalorum
1988 2743 2237 2782 annalibus
2270 2745 2317 2782 et
2345 2743 2486 2782 etiam
2517 2743 2621 2792 ipsa
2649 2743 2787 2783 Pauli

547 2803 603 2842 de
618 2802 941 2850 Langobardis
974 2801 1166 2841 historia
1184 2801 1294 2841 elici
1324 2805 1490 2853 potest,
1523 2804 1627 2851 ipsa
1656 2803 1812 2842 Ytalia
1842 2802 1889 2840 in
1908 2801 1965 2840 24
1980 2801 2245 2849 provincias
2276 2803 2457 2839 constat
2487 2810 2589 2840 esse
2619 2801 2784 2842 divisa.

546 2860 676 2907 Quee
709 2864 816 2901 sunt
846 2860 949 2901 hee.
1011 2860 1171 2898 Prima
1205 2863 1279 2899 est
1307 2860 1497 2911 Histria,
1545 2870 1634 2910 que
1666 2860 1724 2900 ab
1756 2860 1916 2899 Histro
1946 2859 2138 2898 flumine
2186 2859 2564 2906 cognominatum
2611 2858 2690 2907 qui
2721 2869 2788 2899 se·

545 2919 745 2959 cundum
775 2919 1031 2958 Romanam
1074 2917 1313 2957 historiam
1360 2918 1574 2969 amplior,
1621 2927 1760 2967 quam
1806 2926 1932 2957 nunc
1964 2921 2048 2968 est,
2093 2916 2236 2956 fuisse
2281 2916 2564 2964 perhibetur.
2625 2917 2728 2956 Hec
2758 2927 2787 2955 a

544 2978 869 3027 Iustinopolim
918 2985 1062 3024 usque
1093 2976 1152 3015 ad
1196 2975 1372 3016 flumen
1404 2976 1706 3016 Obnsentium
1738 2979 1809 3015 est
1839 2979 2069 3025 extensu,
2111 2975 2254 3023 inque
2286 2977 2392 3014 sunt
2421 2975 2559 3015 urbes
2591 2974 2791 3014 IustIno·

543 3036 678 3088 polis,
710 3036 947 3086 Piranum,
978 3035 1266 3085 Pazentium,
1297 3035 1563 3085 'rei-gestus,
1594 3035 1825 3074 Hemonia
1854 3036 1994 3083 atque
2024 3033 2163 3073 Pilla.
2226 3031 2440 3073 Secunda
2471 3036 2542 3073 est
2571 3033 2784 3083 Venetia,

545 3105 635 3142 que
668 3094 820 3133 solum
837 3095 886 3133 in
916 3094 1077 3142 paucis
1089 3093 1269 3143 insulis,
1302 3103 1417 3141 quas
1450 3103 1575 3133 nunc
1589 3093 1809 3134 Venetias
1840 3092 2050 3143 dicimus,
2084 3092 2294 3132 consistit
2308 3096 2398 3141 ete„
2430 3096 2478 3129 ut
2510 3091 2573 3142 11,
2592 3091 2781 3133 14-23.

546 3164 629 3205 αι,
644 3153 720 3192 ubi
734 3154 991 3191 inseruntur
1006 3162 1118 3201 quae
1132 3152 1198 3190 hic
1213 3151 1371 3190 omissa
1387 3157 1504 3192 sunt.
1569 3149 1634 3203 m)
1651 3151 1694 3191 h.
1715 3163 1756 3193 e.
1774 3162 1886 3191 eras.
1906 3151 1949 3190 D
1968 3151 2016 3199 13
2033 3152 2122 3191 dee.
2138 3150 2239 3189 aliis
2253 3150 2311 3191 D.
2375 3147 2425 3201 n)
2441 3150 2504 3189 ita
2519 3150 2786 3200 sempersere

544 3211 586 3250 A
606 3214 644 3252 1.
665 3212 706 3251 2.
725 3207 787 3251 ’8.
812 3210 847 3251 O
869 3213 908 3251 1.
939 3209 1048 3259 G23
1080 3209 1369 3250 Foroiuliani
1395 3211 1473 3249 hoc
1502 3211 1596 3250 loco
1622 3210 1664 3250 A
1683 3211 1723 3252 ⁷.
1756 3211 1855 3250 131.
1883 3210 1962 3249 Fi
1999 3209 2040 3249 G
2059 3212 2098 3261 1,
2130 3214 2168 3249 ee
2197 3209 2261 3248 ita
2289 3209 2467 3248 variant
2497 3209 2577 3248 alii
2605 3209 2783 3252 codices.

546 3308 751 3372 Viginti
782 3312 957 3357 autem
1000 3310 1053 3355 et
1090 3310 1295 3372 septem
1336 3321 1502 3357 annos
1544 3305 1803 3373 ducimus,
1864 3304 2006 3371 quod
2045 3306 2102 3354 in
2138 3305 2242 3355 hac
2280 3304 2427 3355 Urbe
2465 3306 2605 3356 inter
2640 3305 2784 3356 Lan·

546 3380 902 3445 gobardorum
929 3378 1139 3444 gladios
1164 3376 1422 3442 vivimus3
1449 3385 1497 3430 et
1525 3378 1599 3429 ad
1621 3378 1851 3430 Phocam
1887 3376 2014 3443 imp.
2056 3377 2144 3429 lib.
2170 3375 2339 3439 XIII,
2381 3377 2467 3441 38,
2505 3376 2690 3430 indict.
2720 3378 2780 3429 6.·

546 3454 787 3516 Qualiter
833 3454 973 3503 enim
1026 3450 1351 3517 quotidianis
1400 3451 1600 3518 gladiis
1657 3458 1710 3503 et
1761 3452 1973 3518 quantis
2009 3449 2484 3516 Langobardorum
2525 3452 2783 3505 incursio-

546 3529 701 3579 nibus
740 3542 870 3578 ecce
909 3527 1015 3576 iam
1054 3541 1151 3592 per
1185 3526 1407 3593 triginta
1451 3528 1686 3591 quinque
1727 3541 1983 3576 annorum
2039 3523 2428 3589 longitudinem
2478 3526 2783 3591 premimur,

546 3600 706 3653 nullis
727 3599 940 3667 explere
960 3600 1319 3665 suggestionis
1354 3599 1582 3656 vocibus
1622 3597 1880 3650 valemus.
1941 3595 2169 3663 Oumque
2192 3596 2374 3663 prima
2393 3598 2526 3649 data
2544 3596 2612 3650 sit
2643 3616 2784 3651 anno

545 3689 705 3725 aerae
744 3671 932 3724 Christ.
983 3672 1106 3736 595,
1157 3671 1405 3724 detractis
1445 3672 1534 3734 27,
1587 3672 1660 3723 ad
1699 3671 1824 3723 568.
1874 3669 2208 3734 revolvimur,
2257 3670 2540 3736 eademque
2577 3674 2783 3724 ratione

547 3746 799 3809 secunda,
826 3761 963 3811 quae
983 3745 1115 3796 data
1135 3754 1209 3796 est
1231 3746 1358 3795 603.
1377 3743 1617 3809 Mihique
1652 3744 1944 3796 verosimile
1964 3744 2191 3807 videtur,
2221 3752 2463 3795 sanctum
2481 3745 2782 3813 pontificem

547 3819 614 3868 ab
632 3819 749 3884 ipsa-
760 3816 944 3883 potius
966 3817 1133 3884 gentis
1166 3816 1467 3870 incursione
1485 3834 1646 3883 quam
1671 3835 1706 3868 a
1717 3818 1940 3883 firmata
1958 3816 2102 3867 illius
2135 3816 2490 3868 dominatione
2504 3819 2780 3870 calamita-

548 3899 656 3943 tum
676 3890 961 3957 periodum
990 3890 1291 3942 deduxisse.
1311 3892 1403 3942 BI.
1456 3891 1672 3941 Annum
1695 3890 1817 3941 569.
1841 3887 2075 3941 Secundi
2105 3897 2260 3941 notae
2282 3889 2417 3954 (ind.
2440 3891 2771 3954 2.)innuunt.

550 3965 605 4030 1)
644 3964 821 4015 Monte
860 3962 1150 4030 Maqyiore.
1202 3979 1354 4030 quem
1392 3979 1457 4014 σω
1507 3963 1715 4014 archivi
1762 3961 2072 4029 capitularis
2111 3961 2486 4030 Forojuliensis
2520 3962 2778 4027 fenestris

544 4037 676 4089 mihi
711 4036 1023 4088 monstravit
1060 4035 1342 4086 canonicus
1381 4037 1447 4087 de
1491 4029 1788 4100 OrlandisJ
1814 4052 1987 4087 mense
2034 4032 2230 4100 Aprili,
2281 4035 2402 4087 nive
2457 4044 2772 4101 coopertum,

542 4109 905 4176 narravitque,
945 4114 1108 4159 totam
1144 4107 1268 4159 inde
1318 4109 1551 4174 conspici
1578 4126 1737 4175 posse
1786 4117 1984 4160 terram
2017 4107 2354 4168 Fn’ulanam,
2407 4107 2775 4174 nominarique

544 4202 686 4236 nunc
723 4181 880 4235 etiam
919 4181 1116 4234 ‘Monte
1153 4182 1240 4233 del
1269 4179 1382 4233 Be'.
1431 4183 1548 4232 BE.
1647 4182 1852 4233 Nomen
1887 4180 2010 4232 huic
2046 4179 2349 4231 narrationi
2397 4197 2584 4231 ansam
2613 4197 2777 4247 prae-

544 4257 736 4320 buisse,
775 4253 1056 4307 verisimile
1095 4264 1183 4308 est.
1333 4253 1391 4321 2)
1433 4252 1513 4321 (J.
1544 4254 1676 4306 Isid.
1701 4255 1876 4322 Etym.
1908 4252 2065 4316 XIV,
2105 4254 2157 4315 4,
2189 4253 2273 4304 16.
2422 4254 2480 4318 3)
2521 4252 2601 4319 (ff.
2641 4253 2777 4307 Exc-

546 4330 715 4398 Sany.
754 4329 836 4381 ed.
876 4329 958 4380 De
993 4328 1151 4379 Rossi
1188 4328 1359 4390 (Bull.
1398 4326 1458 4379 di
1493 4328 1643 4379 arch.
1682 4326 1821 4379 crist.
1866 4325 2050 4389 1857),
2086 4342 2142 4390 p.
2182 4325 2280 4375 22:
2334 4326 2471 4377 Item
2507 4329 2581 4393 'p'c‘
2615 4328 2776 4380 Iusti-

545 4405 691 4454 niani
746 4419 872 4470 aug.
931 4417 1068 4452 anno
1127 4401 1472 4467 Longobardi
1525 4404 1858 4452 intraverunt
1910 4400 1968 4449 in
2024 4399 2239 4449 Italiam
2300 4400 2385 4449 12.
2442 4400 2564 4450 Kal.
2605 4401 2775 4468 April.

546 4475 606 4541 4)
648 4473 889 4527 Castrum
914 4472 1118 4526 Julium
1155 4482 1267 4527 erat
1296 4472 1513 4526 Colonia
1550 4473 1701 4524 Julia
1728 4469 1945 4535 Oarnia,
1985 4471 2089 4522 sita
2114 4473 2289 4537 paulo
2346 4489 2519 4540 supra
2548 4473 2779 4542 Oropum
