3042 4909
558 391 565 395 '
597 388 702 438 130
867 386 1090 437 PAULI
1129 385 1477 436 HISTORIA
1515 384 2183 436 LANGOBARDORUM.
2260 385 2407 436 LIB.
2446 385 2553 439 111.

591 553 675 617 ad
735 551 986 618 Grados
1004 562 1031 593 ἃ
1081 552 1321 616 reversi
1377 560 1544 614 sunt.
1631 550 1881 631 Quibus
1922 571 2041 616 nec
2093 550 2273 635 plebs
2353 552 2815 616 communicare

363 622 436 675 '¹³‘
473 626 575 668 ²⁰⁷·
560 636 816 719 ·voluit,
881 657 999 700 nec
1070 635 1328 698 ceteri*
1347 635 1634 720 episcopi
1713 635 1859 698 eosb
1931 643 2330 720 receperunt.
2436 635 2814 700 Smaracdus

275 685 361 726 589
376 690 452 730 vel
468 687 570 731 590.

594 816 640 869 a)
675 817 827 857 Grado
857 817 895 856 F
930 818 980 866 13
1015 815 1196 856 Gradus
1230 814 1417 856 01-4.
1449 816 1531 855 11.
1552 815 1593 866 3,
1626 816 1728 864 alii3
1759 816 1809 854 in
1842 814 2022 856 Gradus
2054 817 2167 865 D33
2197 818 2248 856 in
2280 817 2449 865 gradus
2479 818 2690 867 proprios
2718 817 2817 856 122.

591 877 640 929 b)
674 887 754 918 eos
785 876 1021 925 accipiens
1052 875 1199 914 mediis
1230 875 1396 913 omissis
1430 873 1470 914 G
1502 874 1569 913 50.

590 1012 928 1063 nequaquam
966 992 1258 1044 damnabat
1283 990 1389 1042 tria
1427 992 1688 1057 capitula,
1726 993 1782 1044 id
1811 1000 1909 1057 est,
1948 995 2207 1060 referente
2245 994 2446 1046 Victore
2481 994 2819 1044 Tunnunensi

595 1089 647 1123 a.
668 1072 790 1131 542,
833 1067 1111 1135 epistolam
1136 1066 1271 1116 Ibae
1297 1066 1560 1117 Edesseni
1599 1067 1838 1133 episcopi
1874 1067 1944 1116 ad
1968 1069 2159 1117 Marim
2184 1068 2420 1130 Persam,
2461 1083 2598 1133 quae
2624 1068 2817 1118 iudicio

592 1143 785 1211 synodi
826 1140 1285 1192 calchedonensis
1326 1138 1533 1203 (quarti
1569 1137 1777 1189 concilii
1811 1138 2131 1191 universalis
2172 1157 2224 1191 a.
2267 1140 2399 1202 451)
2438 1141 2734 1206 approbata
2770 1146 2822 1189 et

595 1215 891 1270 orthodoxa
914 1213 1154 1264 iudicata
1180 1217 1285 1275 est3
1322 1213 1662 1263 Theodorum
1691 1212 1815 1263 dein
1841 1214 2276 1280 Mopsuestenum
2304 1215 2633 1280 episcopum,
2671 1228 2820 1278 syno-

595 1290 788 1341 daliter
824 1286 1068 1338 similiter
1093 1285 1235 1352 apud
1266 1285 1603 1336 Antiochiam
1625 1291 1677 1336 et
1705 1285 2049 1337 calchedone
2068 1286 2373 1350 laudatum3
2413 1292 2469 1336 et
2504 1285 2820 1337 Theodoreti

596 1364 724 1430 Cyri
764 1361 1003 1428 episcopi
1041 1359 1203 1420 dicta,
1259 1360 1453 1424 synodi
1491 1357 1947 1411 calchedonensis
1995 1360 2218 1410 vocibus
2276 1325 2601 1411 collaudata.
2675 1358 2822 1410 Haec

594 1435 831 1501 capitula
887 1440 958 1483 tot
1015 1439 1384 1496 tantarumque
1440 1429 1833 1482 discordiarum
1887 1449 2056 1483 causa
2110 1433 2434 1494 exstiterunt,
2491 1440 2549 1481 ut
2607 1432 2680 1482 ad
2734 1448 2819 1484 eas

594 1505 922 1560 dirimendas
962 1522 1013 1554 a.
1053 1504 1178 1554 532.
1215 1504 1454 1568 quintum
1491 1505 1793 1556 universale
1849 1505 2124 1556 concilium
2167 1470 2669 1570 Constantinopolim
2706 1521 2820 1555 con-

594 1588 888 1641 vocaretur,
925 1578 983 1627 in
1041 1593 1143 1642 quo
1191 1575 1493 1627 Theodorae
1549 1576 1775 1628 maxime
1832 1587 2089 1645 auqustae
2129 1579 2374 1643 factione
2430 1579 2536 1628 tria
2591 1578 2822 1643 capitula

594 1655 853 1708 damnata
890 1657 1029 1712 sunt,
1073 1647 1295 1700 Silverio
1348 1666 1504 1715 papa
1542 1666 1721 1701 eorum
1776 1650 2049 1716 defensore
2086 1649 2374 1716 interfecto,
2424 1649 2547 1702 aliis
2573 1648 2824 1716 plurimis

595 1724 850 1794 episcopis
887 1722 951 1774 ob
990 1722 1172 1774 eadem
1208 1721 1266 1772 in
1302 1738 1562 1772 carcerem
1598 1721 1853 1790 conjectis,
1896 1723 2017 1775 aliis
2054 1723 2112 1774 in
2144 1723 2359 1775 exilium
2397 1722 2587 1787 missis,
2640 1721 2822 1790 Viquio

597 1806 786 1862 autem,
824 1794 1041 1848 Silverii
1077 1811 1386 1856 successore,
1427 1794 1488 1845 ob
1514 1794 1574 1845 id
1611 1803 1814 1846 tantum
1851 1795 2185 1849 damnationi
2222 1814 2493 1848 assensum
2519 1796 2820 1862 praebente,

594 1880 652 1925 ut
677 1877 946 1938 papatum
982 1867 1250 1920 obtineret.
1311 1867 1473 1933 Papa
1520 1874 1693 1919 autem
1716 1870 1921 1933 factus,
1963 1878 2011 1921 et
2051 1868 2166 1935 ipse
2202 1871 2597 1921 damnationem
2632 1870 2822 1934 impro-

596 1944 754 2007 bavit,
812 1942 1034 2007 ideoque
1084 1959 1118 1990 a
1171 1939 1475 1992 Justiniano
1533 1941 1592 1991 in
1649 1941 1864 1992 exilium
1920 1951 2117 2007 trusus,
2168 1960 2232 1994 ea
2289 1949 2494 1999 tantum.
2532 1940 2824 1993 conditione

593 2019 863 2071 restitutus
901 2023 991 2077 est,
1032 2023 1090 2064 ut
1128 2013 1369 2079 quintum
1407 2011 1682 2065 concilium
1718 2013 1995 2080 reciperet,·
2034 2015 2093 2066 id
2130 2016 2274 2082 quod
2312 2014 2468 2067 etiam
2506 2032 2821 2067 successores

578 2094 828 2159 fecerunt
865 2088 928 2141 ob
954 2104 1147 2153 pacem
1184 2086 1426 2139 ecclesiae
1464 2087 1802 2151 servandam,
1841 2089 1923 2139 nil
1955 2095 2127 2140 tame-n
2162 2087 2571 2140 Chalcedonensi
2607 2088 2826 2139 concilio

590 2166 708 2218 ideo
748 2159 996 2230 derogari
1034 2157 1229 2227 confisi.
1308 2158 1414 2211 Sed
1443 2159 1575 2211 licet
1610 2167 1799 2226 postea
1833 2163 2101 2227 imperiali
2137 2162 2373 2229 pondere
2401 2162 2470 2211 ad
2509 2177 2823 2213 consensum

594 2236 951 2290 damnationis
1014 2232 1366 2300 capitulorum
1424 2234 1661 2299 ipsorum
1722 2235 1979 2300 paulatim
2044 2236 2243 2300 singuli
2302 2236 2500 2286 fuerint
2562 2236 2824 2286 coarctati

595 2312 780 2375 (verba
816 2316 940 2360 sunt
995 2306 1156 2359 libelli
1203 2305 1455 2372 supplicis
1495 2324 1532 2356 a
1586 2305 1936 2374 suffraqaneis
1991 2305 2447 2375 Aquileqiensibus
2485 2308 2560 2358 ad
2595 2308 2825 2373 impera·

593 2393 754 2437 torem
789 2379 1110 2432 Mauritium
1149 2397 1201 2429 a.
1242 2381 1368 2430 590.
1394 2377 1624 2444 directi),
1678 2386 1973 2431 nostrarum
2012 2388 2194 2432 tamen
2231 2382 2626 2448 provinciarum
2663 2396 2826 2431 vene—

590 2458 744 2509 randi
784 2457 1094 2507 decessores
1133 2452 1203 2502 ad
1241 2457 1345 2505 hoc
1382 2453 1633 2504 inclinari
1680 2454 1828 2504 nullo
1873 2454 2031 2505 modo
2081 2461 2383 2520 potuerunt.
2457 2456 2691 2516 Quorum
2727 2470 2828 2504 nos

594 2529 838 2596 exempla
894 2533 1187 2589 servanteS,
1249 2543 1368 2577 cum
1428 2527 1674 2577 universo
1732 2527 1930 2593 populo
1987 2529 2143 2579 nobis
2198 2529 2402 2578 credito
2441 2533 2728 2593 sequentes
2765 2528 2824 2575 in

593 2604 836 2656 omnibus
880 2601 1243 2652 defensionem
1286 2599 1743 2650 Chalcedonensis
1796 2600 2029 2663 concilii,
2083 2617 2115 2649 a
2156 2602 2525 2651 communione
2566 2599 2824 2650 damnan-

588 2679 721 2728 tium
759 2675 1026 2725 abstinere
1064 2673 1426 2737 dignoscimur
1451 2671 1536 2736 (id
1572 2673 1714 2736 quod
1737 2671 1989 2740 Pelayius
2028 2673 2108 2724 II.
2138 2690 2244 2739 per
2266 2679 2369 2725 tres
2408 2671 2656 2738 epistolas
2692 2671 2827 2737 ipsis

591 2747 901 2800 dissuadere
937 2745 1158 2807 studuit,
1197 2761 1249 2795 a.
1289 2744 1415 2794 585.
1457 2745 1540 2795 vel
1577 2744 1699 2806 586,
1741 2746 1808 2810 cf.
1849 2762 2019 2811 supra
2056 2745 2171 2809 IIJ,
2213 2747 2315 2806 20‚·
2363 2746 2456 2798 sed
2491 2746 2574 2796 nil
2608 2745 2822 2811 effecit).

590 2823 663 2873 Et
688 2837 808 2872 cum
836 2817 1162 2884 Smaragdus
1202 2818 1463 2882 gloriosus
1496 2817 1811 2868 cartularius
1837 2818 2052 2869 Heliam
2079 2820 2540 2885 archiepiscopum
2580 2819 2827 2884 pluribus

590 2895 798 2947 vicibus
852 2892 1203 2953 contristaret,
1252 2906 1372 2940 cum
1421 2896 1602 2941 nostro
1654 2892 1886 2942 omnium
1939 2907 2201 2944 consensu
2252 2892 2445 2943 direxit
2483 2891 2552 2942 ad
2591 2892 2830 2957 vestigia

589 2967 917 3035 principatus
971 2965 1136 3014 vestri
1191 2979 1396 3029 preces,
1453 2968 1551 3013 ut.
1582 3000 1595 3013 .
1625 2999 1637 3013 .
1679 2964 1749 3014 ad
1805 2966 1973 3016 vestri
2027 2967 2386 3032 praesentiam
2441 2967 2712 3015 veniretur
2771 2971 2829 3015 et

590 3044 822 3091 vestrum
887 3042 1258 3104 expectaretur
1310 3037 1590 3086 iudicium.
1684 3037 1839 3099 Quod
1895 3039 2068 3103 pietas
2123 3043 2301 3090 vestra
2326 3075 2341 3089 .
2369 3075 2383 3089 .
2412 3074 2426 3089 .
2454 3074 2468 3088 .
2507 3039 2828 3104 suscipiens,

590 3113 879 3164 iussionem
940 3110 1092 3162 dedit
1144 3109 1214 3158 ad
1269 3109 1560 3174 gloriosum
1617 3110 1987 3176 Smaragdum,
2045 3117 2102 3162 ut
2158 3110 2461 3179 nullate-nus
2500 3127 2827 3177 quemquam

589 3186 886 3251 inquietare
924 3189 1321 3251 praesumeret.
1345 3218 1358 3231 .
1380 3219 1393 3233 .
1416 3217 1430 3232 .
1457 3182 1673 3233 Deinde
1713 3183 1991 3234 defunctus
2031 3190 2112 3236 est
2136 3184 2325 3235 Helias
2366 3185 2443 3246 (a.
2484 3182 2635 3248 587).
2692 3184 2830 3234 Post

590 3259 694 3311 hoc
731 3256 975 3309 ordinato
1012 3257 1417 3322 archiepiscopo
1442 3262 1622 3306 nostro
1662 3255 1879 3319 Severo,
1920 3273 2057 3323 quae
2098 3257 2454 3308 contumeliae
2489 3256 2676 3307 illatae
2696 3258 2829 3319 sint,

591 3337 647 3383 et
684 3330 877 3397 quibus
916 3330 1121 3381 iniuriis
1161 3345 1226 3380 ac
1266 3329 1434 3379 caede
1480 3328 1743 3395 corporali
1799 3330 2016 3381 fustium
2058 3336 2113 3380 et
2148 3346 2256 3396 qua
2311 3329 2567 3380 violentia
2605 3329 2676 3379 ad
2712 3331 2828 3379 Ra-

590 3409 874 3456 vennatem
914 3405 1188 3455 civitatem
1213 3403 1375 3453 fuerit
1410 3402 1699 3468 perductus
1726 3408 1887 3468 atque
1924 3403 2174 3454 redactus
2199 3405 2255 3452 in
2295 3402 2610 3465 custodiam,
2650 3404 2832 3468 potuit

590 3479 662 3529 ad
700 3479 901 3529 domini
936 3478 1104 3529 nostri
1140 3477 1257 3542 pias
1296 3491 1450 3525 aures
1489 3477 1606 3526 sine
1647 3476 1808 3526 dubio
1858 3477 2159 3541 pervenire.
2235 3475 2326 3526 Ibi
2360 3475 2554 3526 mansit
2593 3472 2829 3525 Severus

578 3568 685 3618 per
722 3567 923 3602 annum
959 3566 1142 3611 unum,
1179 3549 1341 3599 donec
1384 3547 1785 3599 damnatoribus
1837 3547 1997 3598 trium
2035 3549 2386 3614 capitulorum
2433 3545 2833 3599 communicans

589 3625 864 3677 relaxatus
904 3631 979 3676 est
1015 3641 1068 3673 a.
1107 3622 1231 3673 588.
1269 3622 1354 3672 vel
1389 3621 1514 3672 589.
1589 3619 1698 3673 Sed
1736 3637 1854 3672 cum
1889 3619 1968 3672 ita
2002 3620 2117 3688 ipse
2145 3620 2468 3688 patriarcha
2506 3629 2554 3672 et
2591 3619 2832 3672 Severus

597 3693 949 3764 Terqestinus,
1003 3695 1274 3746 Jolzannes
1329 3692 1655 3745 Parentinus
1671 3731 1684 3757 ,
1747 3692 2012 3745 Patricius
2069 3693 2445 3757 Aemoniensis,
2516 3692 2833 3744 Vindemiae

591 3767 842 3821 Oissensis
878 3776 927 3821 et
980 3768 1249 3819 Johannes
1307 3765 1601 3830 Geleianus,
1653 3766 1747 3832 qui
1801 3774 1925 3819 teste
1984 3767 2154 3819 Paulo
2212 3784 2326 3819 una
2363 3784 2481 3819 cum
2519 3767 2837 3833 patriarcha

591 3843 1043 3894 communicarant
1095 3840 1253 3890 trium
1308 3840 1660 3905 capitulorum
1715 3839 2129 3904 damnatoribus,
2191 3843 2389 3892 scisma
2409 3839 2665 3905 fecissent
2714 3837 2837 3890 sive

588 3913 890 3967 scissionem
925 3913 1063 3964 inter
1100 3912 1368 3978 episcopos
1416 3913 1685 3978 hucusque
1720 3912 1777 3963 in
1829 3913 2174 3979 defensandis
2225 3913 2474 3979 capitulis
2524 3912 2834 3975 concordes,

591 3989 766 4040 eodem
807 3986 974 4038 Paulo
1009 3985 1294 4050 referente:
1351 4000 1454 4036 uec
1507 3985 1662 4052 plebs
1698 3984 1766 4035 iis
1826 3988 2220 4038 communicare
2275 3986 2459 4049 voluit,
2517 4001 2618 4036 nec
2657 3987 2838 4036 ceteri

589 4059 865 4113 duodecim
903 4059 1156 4126 episcopi,
1196 4059 1288 4124 qui
1324 4074 1383 4109 se
1423 4059 1490 4109 ab
1517 4060 1622 4109 hoc
1658 4061 1909 4111 scismate
1948 4060 2314 4123 cohibuerant,
2354 4075 2446 4111 eos
2483 4065 2836 4124 receperunt,

572 4134 882 4199 usquedum
915 4132 974 4183 in
1009 4130 1210 4197 synodo
1249 4132 1398 4196 apud
1434 4131 1729 4182 Muranum
1764 4149 1940 4199 prope
1990 4131 2231 4185 Venetias
2266 4134 2430 4198 facta
2479 4149 2529 4183 a.
2570 4130 2696 4182 588.
2740 4146 2834 4182 ea>-

589 4207 673 4257 vel
709 4206 832 4258 589.
869 4207 953 4258 vel
986 4204 1201 4255 ineunte
1238 4204 1361 4255 590.
1395 4202 1722 4271 patriarcha
1758 4223 1873 4256 cum
1926 4206 2158 4271 quinque
2194 4206 2307 4257 suis
2364 4201 2691 4270 sequacibus,
2740 4219 2831 4254 er·

587 4294 760 4329 rorem
815 4295 985 4340 suum,
1041 4278 1183 4344 quod
1238 4279 1398 4329 trium
1453 4277 1805 4346 capitulorum
1861 4279 2260 4331 damnatoribus
2319 4278 2834 4338 communicassent,

591 4352 898 4418 confitentes,
933 4349 992 4401 in
1045 4351 1452 4402 communionem
1489 4368 1526 4402 a
1578 4349 1797 4416 reliquis
1852 4359 1976 4402 sunt
2031 4351 2242 4417 recepti.
2328 4350 2530 4401 Eodem
2570 4357 2837 4414 tempore,
