3042 4909
582 429 686 479 178
893 425 1113 477 PAULI
1151 424 1496 475 HISTORIA
1535 420 2203 473 LANGOBARDORUM.
2279 418 2424 474 LIB.
2464 421 2529 471 V.

664 595 722 659 8.
768 591 1106 674 Quomodo
1150 591 1511 676 imperator,
1554 598 1820 675 accepta
1862 587 2080 653 obside
2123 586 2461 652 Romualdi
2526 606 2745 651 sorore
2762 596 2812 671 ²,

767 674 890 739 adb
933 674 1303 739 Benevento
1348 673 1662 737 discessit.

663 762 722 824 9.
769 757 1108 905 Quomofldlo
1151 757 1551 844 imperatoris
1616 757 1966 821 exereitum
2008 753 2270 819 Mitolac
2314 753 2659 840 Capuanus
2705 773 2813 817 eo-

767 865 902 907 mes
945 863 984 904 a
1058 841 1193 905 'xit.

627 927 723 990 10.
770 924 1107 1006 Quomodo
1138 921 1530 988 Romualdus
1563 922 1916 988 Saburrum
1944 920 2025 986 ab
2046 923 2076 964 ἃ
2117 924 2500 1006 imperatore
2541 920 2811 983 missum

769 1031 914 1074 oum
955 1009 1184 1091 viginti
1224 1006 1482 1071 milibus
1524 1007 1698 1072 vicit.

625 1094 723 1156 11.
766 1093 869 1157 De
911 1090 1094 1155 malis
1161 1112 1322 1177 quae
1367 1089 1682 1154 Constans
1744 1111 1783 1152 a
1918 1098 2051 1153 stus
2116 1087 2418 1152 Romanis
2460 1084 2690 1168 intulit,
2747 1094 2815 1150 et

767 1176 846 1240 de
935 1171 1407 1239 raedationibus
1451 1195 1612 1259 quas
1649 1174 1791 1259 sing
1864 1173 1913 1237 ‘s
1955 1170 2322 1256 regionibus
2351 1170 2519 1252 feeit,
2563 1178 2628 1235 et
2656 1190 2811 1255 quo-

768 1281 873 1323 mo
922 1281 958 1322 o
1003 1259 1316 1322 extinctus
1368 1266 1483 1321 est.

626 1343 724 1406 12.
766 1344 871 1407 De
912 1343 1179 1426 imperio
1223 1341 1540 1421 Meeetii⁰,
1586 1350 1648 1404 et
1690 1339 1771 1404 de
1811 1347 2012 1402 morte
2055 1338 2274 1423 ipsius.

624 1427 722 1489 13.
767 1424 1104 1507 Quomodo
1152 1425 1484 1488 Sarraceni
1527 1423 1609 1488 ab
1652 1421 2045 1487 Alexandria
2100 1421 2458 1502 venientes,
2521 1416 2812 1483 Siciliam

770 1507 1117 1656 Psspffiafflt
1138 1516 1284 1653 Sdmt
1333 1516 1397 1570 et
1395 1504 1763 1652 dgqjcqffiffe
1775 1504 2086 1570 Constans
2127 1512 2437 1589 augustus
2482 1501 2561 1566 de
2604 1501 2815 1565 Roma

772 1615 812 1654 a
857 1614 887 1654 s
983 1612 1090 1653 era
1203 1611 1391 1673 eprae
1477 1604 1526 1653 t1
1570 1611 1691 1652 sun
1767 1637 1782 1652 .

356 1680 431 1733 Ῥ-
467 1684 562 1722 141·
586 1675 727 1736 *14.
771 1674 874 1738 De
917 1682 1118 1738 morte
1163 1672 1377 1753 Gisae,
1421 1673 1654 1735 sororis
1696 1669 2051 1736 Romualdi.

631 1759 728 1820 15.
773 1757 877 1821 De
898 1754 1132 1841 pluviis
1156 1765 1220 1820 et
1240 1756 1557 1837 tonitruis,
1582 1776 1747 1840 quae
1763 1776 1838 1819 eo
1861 1764 2144 1839 tempore
2159 1753 2393 1816 nimiae
2413 1751 2619 1816 factae
2642 1760 2810 1816 sunt.

631 1840 759 1904 16.¹¹
773 1838 1111 1921 Quomodo
1177 1861 1294 1902 rex
1357 1836 1696 1902 Grimuald
1750 1836 2304 1902 Transamundum
2370 1835 2597 1898 ducem
2655 1842 2817 1918 aput

773 1921 1127 2021 Spoletium
1194 1921 1511 1985 ordinavit
1575 1922 1790 2007 eiquei
1871 1943 2052 1985 suam
2114 1918 2310 1983 filiam
2362 1921 2432 1983 in
2495 1917 2817 1982 matrimo-

770 2006 992 2070 mumk
1034 2004 1315 2069 tradidit.

632 2090 729 2154 17.
774 2088 965 2170 Quod
1006 2089 1075 2152 in
1114 2087 1401 2152 Foroiuli
1456 2096 1603 2173 post
1646 2086 2015 2151 Grasulfum
2055 2085 2200 2232 Αῇο
2241 2084 2548 2150 ducatum
2589 2084 2813 2165 tenuit,

773 2175 865 2237 et¹
910 2182 1058 2257 post
1099 2171 1271 2234 hune
1301 2194 1523 2237 eorum
1552 2172 1780 2236 ductor
1818 2170 1921 2234 Lu
1967 2193 2042 2234 us
2086 2193 2121 2234 e
2171 2180 2348 2235 ectus
2390 2178 2507 2234 est.

630 2254 1114 2336 18.¹¹¹Quomodo
1158 2255 1422 2341 Lupus¹¹
1465 2255 1604 2319 dux
1646 2263 1866 2319 eontra
1971 2252 2356 2317 rimualdum
2398 2249 2747 2317 rebellavit.

630 2340 727 2402 19.
773 2338 1110 2419 Quomodo
1153 2338 1174 2400 i
1223 2351 1327 2403 se⁰
1370 2338 1506 2402 dux
1547 2337 1786 2402 bellum
1831 2346 2051 2401 contra
2092 2340 2340 2401 Avares
2380 2336 2598 2420 gessit.

626 2422 728 2486 20.
769 2423 873 2487 De
929 2430 1131 2486 morte
1244 2423 1401 2507 upin
1454 2421 1656 2504 dueiS‚
1711 2431 1773 2485 et
1824 2419 2141 2506 quomodo
2192 2420 2438 2483 Avares
2488 2414 2818 2481 Foroiula-

618 2522 623 2529 ’
676 2516 681 2523 “
772 2528 997 2570 norum
1039 2504 1197 2569 fines
1241 2505 1612 2591 depraedati
1653 2514 1817 2568 sunt.

626 2589 727 2652 21.
771 2588 1109 2670 Quomodo
1151 2586 1397 2653 Avares
1438 2589 1724 2653 nolentes
1769 2587 1848 2651 de
1891 2585 2173 2651 Foroiuli
2231 2587 2407 2650 exire
2452 2581 2815 2649 Grimualdi

772 2674 1003 2737 astutia
1045 2670 1297 2757 expulsi
1338 2684 1502 2735 sunt.

628 2755 729 2817 22.
772 2754 876 2819 De
918 2754 1200 2819 Arnefrit
1214 2767 1261 2835 q,
1306 2753 1434 2818 filio
1477 2754 1669 2838 Lupi.

628 2837 729 2900 23.
773 2837 877 2984 {e
918 2838 1230 2984 {Vilotarir
1272 2835 1802 2901 Foroiulanorum
1844 2836 2027 2918 duee,
2080 2845 2144 2899 et
2199 2834 2312 2899 des
2355 2834 2491 2899 eius
2540 2833 2816 2900 victoria

818 2924 889 2984 et
984 2941 1019 2982 e
1044 2922 1201 2984 avie.

629 3003 728 3065 24.
772 3002 876 3066 De
893 3015 923 3044 ¹¹
967 3012 1169 3067 morte
1191 3003 1520 3084 wiotan-iv,
1566 3010 1630 3066 et
1672 3000 1991 3087 quomodo
2036 3002 2096 3066 ei
2122 2999 2445 3065 LaudariW
2488 2999 2814 3081 suecessit,

774 3097 878 3149 et¹
922 3084 1000 3149 de
1037 3084 1365 3149 Rodoaldo
1377 3097 1427 3168 Y,
1516 3085 1584 3147 ui
1623 3093 1770 3182 post
1812 3107 1957 3149 eum
2000 3084 2303 3149 ducatum
2342 3083 2564 3148 tenuit.

630 3166 760 3234 25.z
773 3167 1119 3315 1Cithnmodo
1166 3108 1516 3315 ,Grimualdl
1551 3167 1749 3232 fiham
1765 3178 1791 3209 ³
1833 3168 2003 3253 Lupi
2046 3167 2228 3232 duois
2283 3164 2639 3231 Romualdo
2698 3186 2818 3229 suo

866 3274 903 3316 o
948 3273 1184 3315 soe1avl
1215 3300 1230 3315 .

618 3333 762 3403 263»
795 3333 1133 3414 Quomodo
1198 3347 1343 3400 rex⁰
1409 3333 1746 3400 Grimuald
1808 3334 1888 3399 de
1954 3334 2088 3398 suis
2145 3355 2213 3399 se
2272 3332 2817 3418 contemptoribus

775 3417 945 3482 ultus
991 3426 1102 3482 est.

586 3593 632 3648 a)
664 3607 867 3638 sororem
897 3598 936 3638 Ε
968 3599 1008 3638 1.
1040 3598 1077 3637 F
1108 3598 1150 3638 4.
1185 3596 1226 3638 G
1258 3594 1320 3640 ’2.
1354 3599 1396 3639 2.
1427 3599 1471 3640 3.
1499 3600 1544 3638 4.
1679 3596 1726 3649 b)
1754 3598 1819 3637 ita
1847 3596 1889 3637 A
1922 3600 1973 3646 13
2014 3597 2073 3637 ad
2102 3597 2420 3637 Beneventum
2452 3596 2487 3638 C
2520 3598 2569 3648 1;
2600 3609 2636 3637 s.
2666 3597 2817 3638 Bene-

585 3659 774 3696 ventum
804 3657 847 3695 D
882 3657 932 3705 23
979 3666 1008 3695 a
1035 3657 1306 3697 Benevento
1335 3656 1373 3696 F
1410 3660 1450 3708 1,
1480 3658 1622 3699 ceteri.
1773 3654 1816 3707 c)
1848 3656 2027 3695 Mutola
2056 3656 2098 3695 D
2130 3656 2181 3704 23
2226 3655 2387 3695 Mitalo
2421 3654 2474 3695 G.
2508 3678 2561 3686 —
2595 3655 2812 3705 capanna

589 3712 631 3753 G
661 3709 723 3753 ⁸2.
759 3715 810 3764 23
854 3713 1039 3764 Capnus
1070 3715 1105 3756 C
1138 3717 1177 3758 1.
1327 3713 1374 3766 d)
1405 3716 1464 3754 ad
1493 3717 1537 3754 D
1572 3717 1642 3755 la.
1678 3713 1720 3754 G
1750 3715 1791 3754 3.
1823 3714 1851 3754 4
1884 3714 2017 3766 (corr.
2047 3711 2145 3764 ab).
2290 3711 2335 3765 e)
2367 3714 2580 3754 Mezentii
2610 3714 2653 3754 D
2687 3715 2727 3755 8.
2763 3716 2820 3765 ὃς

586 3771 765 3810 Metetii
812 3770 847 3811 C
879 3774 931 3820 13
977 3772 1172 3812 Meceoii
1199 3774 1237 3812 Ρ
1272 3775 1310 3812 1.
1470 3771 1505 3824 f)
1539 3784 1653 3815 corr.
1697 3773 1862 3823 depop.
1908 3773 1952 3813 A
1984 3774 2023 3823 1,
2070 3777 2108 3812 et
2137 3772 2201 3811 ita
2244 3773 2284 3812 E
2319 3774 2359 3814 1.
2406 3773 2445 3811 F
2476 3773 2520 3813 5.
2569 3772 2611 3813 G
2642 3769 2704 3812 Ι’2.
2735 3772 2809 3815 δα.

589 3826 635 3878 ε)
667 3828 778 3868 deese
809 3828 852 3869 G
882 3826 942 3868 ⁸2.
980 3830 1022 3869 2.
1057 3830 1112 3879 83
1144 3831 1434 3880 depraedatis
1463 3831 1501 3871 F
1535 3835 1577 3871 1.
1695 3829 1745 3882 h)
1776 3842 1872 3880 ara.
1906 3830 2093 3871 16-21.
2128 3831 2200 3871 23.
2233 3830 2319 3872 αα.
2351 3832 2394 3871 D
2430 3831 2473 3872 2.
2607 3828 2642 3881 i)
2677 3832 2814 3880 eique

591 3908 644 3916 -
673 3887 789 3927 trad.
835 3888 921 3928 des.
949 3887 1005 3928 H.
1154 3886 1203 3939 k)
1237 3889 1529 3929 matrimonio
1576 3889 1617 3931 G
1646 3890 1692 3929 4.
1842 3887 1878 3940 1)
1912 3893 1959 3929 et
1990 3910 2043 3919 -
2093 3893 2162 3929 est
2191 3889 2276 3929 dee.
2309 3890 2366 3930 H.
2517 3886 2582 3938 m)
2612 3890 2690 3929 λοο
2718 3900 2817 3940 ary.

580 3949 682 3994 poet
711 3946 852 3995 suppl.
886 3944 927 3986 G
955 3945 1002 3985 4.
1121 3943 1171 3997 n)
1202 3947 1334 3997 Lupo
1363 3947 1401 3986 F
1419 3950 1460 3988 1.
1496 3947 1551 3989 G.
1674 3945 1719 3998 o)
1752 3949 1795 3986 d.
1825 3948 1858 3989 i.
1893 3946 1947 3988 G.
2067 3945 2116 3998 p)
2147 3947 2334 3997 Luponi
2362 3948 2416 3987 F.
2450 3947 2505 4000 G,
2537 3953 2575 3988 ct
2604 3948 2669 3988 ica
2698 3949 2815 3989 dein-

585 4014 680 4052 ceps
709 4003 934 4057 (Luponis
963 4015 998 4045 c.
1030 4004 1101 4043 22.
1137 4003 1215 4055 G).
1333 4003 1379 4055 q)
1407 4005 1617 4046 Arnifrid
1647 4007 1689 4046 D
1723 4009 1766 4047 1.
1795 4007 1847 4046 F.
1883 4005 1948 4055 ῦς
1993 4004 2227 4047 carneti-it
2253 4006 2299 4049 H
2331 4006 2372 4047 1.
2509 4004 2550 4058 r)
2583 4007 2810 4047 Wiethari

588 4061 631 4102 G
662 4062 713 4111 13
745 4062 951 4103 wittarit
978 4062 1016 4102 P
1048 4063 1099 4111 13
1128 4063 1304 4104 Victari
1336 4062 1377 4104 G
1408 4065 1460 4113 23
1504 4065 1657 4105 Wiota
1689 4063 1731 4106 G
1762 4065 1813 4114 ὃς
1858 4064 2061 4106 Weotari
2092 4065 2135 4104 D
2170 4065 2194 4104 1
2228 4075 2249 4102 e
2277 4075 2393 4104 corr.
2425 4064 2469 4105 D
2504 4066 2545 4104 2.
2579 4064 2632 4115 93
2678 4066 2809 4107 Wec-

583 4120 844 4171 tarnum
887 4121 1219 4165 withan-111.
1369 4119 1713 4174 ηαοωιυι.
1765 4122 1880 4164 os.
2042 4119 2168 4173 ode
2215 4121 2263 4163 s,
2313 4124 2398 4165 aa.
2447 4122 2816 4169 c.D.H.11.

584 4174 635 4226 u)
666 4179 739 4218 De
769 4190 828 4218 m.
858 4180 943 4219 des.
977 4179 1018 4221 G
1048 4180 1089 4220 3.
1120 4181 1166 4220 4.
1312 4177 1361 4230 v)
1392 4180 1599 4222 Waetari
1629 4182 1673 4221 Η
1704 4183 1745 4220 1.
1890 4179 1953 4232 w)
1985 4180 2209 4220 Laudat-it
2253 4182 2296 4221 D
2329 4181 2380 4231 ὃς
2410 4181 2646 4223 Laudariu
2676 4183 2720 4222 D
2757 4184 2799 4224 8.

584 4232 635 4284 x)
667 4239 713 4277 et
745 4258 795 4267 -
841 4239 992 4278 tenuit
1019 4240 1104 4280 des.
1136 4241 1179 4279 D
1212 4239 1252 4279 2.
1281 4238 1342 4279 Η.
1490 4237 1539 4289 y)
1572 4239 1749 4279 Roaldo
1780 4239 1824 4280 A
1855 4241 1907 4288 13
1952 4239 2099 4279 Roald
2132 4239 2167 4280 Ο
2197 4235 2259 4286 *1,
2303 4250 2419 4282 corr.
2449 4240 2661 4281 Rodoald
2690 4242 2733 4281 D
2769 4243 2811 4294 1,

583 4297 622 4332 ee
651 4293 715 4333 ica
740 4295 825 4345 11,
855 4296 955 4346 aliu
985 4296 1184 4337 Rodoalt
1214 4297 1248 4338 Ο
1267 4300 1308 4337 1.
1425 4294 1470 4349 z)
1500 4299 1579 4337 hoo
1608 4309 1702 4346 ara.
1733 4298 1844 4338 deest
1872 4300 1916 4338 D
1935 4298 1977 4340 8.
2009 4300 2063 4348 45
2087 4302 2189 4347 poet
2219 4308 2399 4347 ecquem
2434 4299 2611 4338 collocat
2641 4299 2684 4338 D
2715 4294 2812 4342 Ἧι.

580 4347 629 4402 ει)
663 4351 761 4391 filia
789 4352 827 4391 Ε·
858 4355 898 4393 1.
1019 4352 1067 4406 b)
1097 4356 1174 4394 hoe
1202 4366 1297 4404 ary.
1323 4360 1426 4405 poet
1454 4357 1597 4406 eumd.
1633 4354 1674 4397 G
1706 4356 1747 4397 2.
1869 4353 1910 4406 e)
1943 4358 2054 4396 deese
2086 4355 2138 4398 Ο.
2166 4357 2227 4399 D.
2257 4356 2312 4396 F.
