3042 4909
619 425 724 474 216
926 422 1145 473 PAULI
1186 421 1529 474 HISTORIA
1568 421 2233 476 LANGOBARDORUM.
2309 425 2453 476 LIB.
2493 426 2584 477 vl.

622 590 1021 671 indomitum,
1076 591 1186 676 qui
1243 591 1529 654 inmenso
1585 589 1879 653 fremitua
1923 612 2115 689 super
2173 613 2240 655 se
2298 591 2585 656 sedentes
2640 602 2834 659 terrae

621 673 877 738 allidere
922 672 1181 755 solebat,
1224 673 1594 759 praeparari
1635 673 1802 737 fecit.
1891 672 2015 738 Oui
2058 696 2204 737 cum
2257 676 2591 761 episcopus
2632 699 2834 762 super-

622 758 906 840 sedisset,
952 759 1042 823 ita
1077 767 1443 821 mansuetus
1487 757 1716 840 extitit,
1757 765 1829 821 ut
1871 779 2018 821 eum
2059 757 2292 823 blando
2323 761 2617 824 incessub
2646 783 2833 846 usque

621 843 704 907 ad
734 843 993 906 domum
1036 842 1397 927 propriamc
1449 840 1829 926 deportaret.
1916 841 2108 922 Quod
2147 866 2264 907 rex
2306 843 2589 927 audiens,
2629 853 2691 908 et
2717 846 2835 930 epi-

623 948 891 1012 scopum
928 949 1011 990 ex
1040 948 1113 990 eo
1159 927 1261 989 die
1290 926 1530 989 honore
1571 925 1784 990 debito
1830 924 2041 1008 coluit,
2088 935 2150 991 et
2193 928 2296 991 eid
2338 927 2548 1013 ipsum
2592 950 2833 1014 equum,

621 1032 814 1097 quem
857 1032 1007 1074 suae
1050 1010 1352 1073 sessioni0
1397 1008 1818 1091 dedicaverat,
1862 1009 2027 1073 dono
2069 1008 2334 1095 largitus
2377 1021 2489 1075 est.

785 1096 845 1158 9.
930 1093 1114 1157 Hacf
1153 1101 1562 1179 tempestate¹
1603 1103 1841 1157 noctu&
1868 1092 2049 1158 stella
2074 1095 2255 1158 iuxta
2295 1095 2631 1181 vergilias¹¹
2674 1096 2834 1160 caelo

623 1199 845 1242 sereno
921 1178 1085 1241 inter
1147 1177 1413 1240 Domini
1474 1176 1783 1241 natalemi
1848 1189 1911 1242 et
1973 1177 2422 1263 theophaniam
2441 1181 2471 1221 k
2534 1181 2835 1266 apparuit,

625 1261 989 1325 omnimodo
1022 1260 1416 1343 obumbrata,
1446 1260 1644 1325 veluti
1673 1283 1818 1325 cum
1846 1261 1997 1325 luna
2026 1261 2145 1327 sub
2175 1263 2345 1328 nube
2375 1272 2471 1327 est
2494 1266 2836 1328 constituta.

622 1346 778 1410 Post
832 1345 990 1409 haec
1052 1367 1270 1410 mense
1333 1344 1684 1409 Februario
1740 1345 1844 1409 die
1907 1346 2119 1409 media
2192 1345 2372 1411 stella
2438 1346 2521 1411 ab
2591 1347 2839 1412 occasu¹

622 1431 796 1510 exiit,
840 1452 1002 1514 quae
1034 1450 1177 1492 cum
1194 1442 1217 1475 ²
1260 1451 1494 1513 magno
1538 1428 1783 1512 fulgore
1823 1430 1890 1491 in
1933 1437 2148 1515 partes
2193 1431 2450 1494 orientis
2490 1431 2837 1496 declinavit.

618 1513 926 1576 Dehincm
972 1535 1187 1578 mense
1227 1513 1458 1576 Martio
1501 1512 1743 1577 Bebius
1800 1514 2155 1578 eructuavit
2195 1536 2313 1601 per
2352 1515 2487 1578 dies
2530 1516 2838 1602 aliquodn,

621 1605 685 1660 et
728 1597 941 1660 omnia
983 1598 1253 1660 virentia
1297 1599 1790 1682 circumquaque
1833 1618 1987 1681 prae
2028 1596 2288 1683 pulvere
2330 1609 2391 1663 et
2433 1599 2643 1664 cinere
2685 1599 2840 1663 illius

620 1681 1041 1745 exterminata
1085 1690 1248 1744 sunt.

789 1764 886 1826 10.
904 1775 928 1805 ⁰
1013 1765 1234 1827 Tunes
1269 1762 1753 1828 Sarracinorum
1771 1775 1800 1817 ‘1
1822 1786 1979 1848 gens
2000 1764 2307 1829 infidelisr
2335 1775 2399 1830 et
2418 1766 2563 1830 Deo
2594 1767 2838 1831 inimica

619 1869 701 1911 ex
745 1847 1048 1933 Aegypto
1094 1848 1160 1910 in
1178 1859 1199 1890 ³
1260 1846 1550 1911 Africam
1607 1868 1751 1910 cum
1802 1849 2032 1911 nimiat
2088 1848 2490 1914 multitudine
2556 1873 2841 1937 pergens,

617 1932 941 1996 obsessam
986 1930 1437 2016 Cartaginem
1469 1932 1639 2015 cepit
1682 1942 2061 2017 captamque
2092 1932 2425 1998 crudeliter
2466 1933 2841 2021 depopulata

620 2025 757 2079 estv
802 2023 866 2078 et
906 2014 990 2078 ad
1032 2014 1237 2078 solum
1277 2038 1478 2101 usque
1521 2016 1864 2100 prostravit
1877 2027 1920 2079 ⁸.

492 2110 597 2153 68⁵·
792 2100 887 2162 11.
973 2098 1148 2163 Inter
1202 2099 1361 2164 haec
1420 2098 1872 2164 Constantinus
1925 2099 2271 2198 imperator
2328 2110 2484 2186 aput
2539 2101 2839 2167 Constan-

618 2182 951 2268 tinopolim
1009 2184 1309 2265 moritur‚
1364 2192 1469 2248 et⁴
1511 2185 1648 2247 eius
1693 2184 1901 2246 minor
1954 2183 2119 2247 fihus
2173 2184 2562 2248 Iustinianus
2622 2186 2837 2250 Roma-

613 2287 845 2329 norum
900 2289 1171 2353 regnum
1227 2268 1539 2353 suscepit,
1599 2267 1777 2330 cuius
1832 2289 1951 2352 per
2002 2267 2225 2331 decem
2282 2289 2479 2332 annos
2535 2269 2838 2354 guberna-

616 2348 759 2413 cula
773 2363 814 2393 w
878 2353 1097 2415 tenuit.
1184 2351 1313 2415 Hic
1376 2350 1644 2414 Africa¹
1706 2372 1746 2412 a
1804 2350 2169 2415 Sarracenis
2189 2364 2220 2405 Y
2274 2350 2533 2416 abstulit
2589 2364 2652 2418 et
2704 2375 2836 2416 cum

614 2433 856 2499 eisdem
887 2456 1114 2519 pacem
1142 2445 1351 2500 terraz
1396 2435 1686 2520 marique
1716 2434 1887 2497 fecit.
1971 2433 2100 2498 Hic
2133 2436 2431 2520 Sergium
2457 2437 2834 2522 pontificem,

613 2519 807 2603 quiaa
849 2519 919 2580 in
962 2520 1231 2583 errorisb
1261 2518 1430 2583 illius
1468 2517 1733 2603 synod0‚
1780 2539 1973 2603 quam
2004 2517 2662 2605 Constantinopolim⁰
2686 2520 2838 2585 feee-

609 2610 726 2684 rat,
785 2601 998 2668 favere
1055 2613 1120 2667 et
1175 2602 1575 2667 subscribere
1629 2601 1847 2684 noluit,
1900 2603 2094 2666 misso
2159 2603 2476 2668 Zacharia
2517 2614 2837 2689 protospa-

609 2685 853 2748 thario*
910 2709 1048 2769 su0‚
1105 2688 1293 2750 iussit
1347 2685 1963 2771 Constantinopolim
2013 2685 2354 2771 deportari.
2441 2687 2573 2752 Sed
2622 2687 2836 2752 militia

608 2768 952 2834 Ravennae
983 2771 1459 2854 vicinarumque
1488 2771 1766 2855 partium
1804 2770 1977 2833 iussa
2015 2771 2320 2868 principis
2337 2771 2366 2812 ‘¹
2392 2772 2675 2836 nefanda
2702 2793 2838 2836 con-

606 2860 913 2933 temnem,
958 2853 1228 2917 eundem
1268 2853 1651 2916 Zachariam
1681 2865 1855 2916 cum‘³
1901 2853 2297 2918 contumeliis
2327 2854 2408 2919 ab
2453 2857 2612 2921 urbe
2642 2858 2838 2920 Roma

610 2944 673 2999 et
713 2935 960 3000 iniuriis
1001 2936 1266 3021 pepulit.

671 3059 720 3128 ²⁶¹)
759 3061 816 3110 id
858 3066 939 3112 est
979 3062 1149 3128 primo
1192 3063 1458 3128 armigero
1499 3062 1613 3112 alia
1649 3063 1743 3113 sed
1780 3080 1973 3115 coaeva
2010 3080 2175 3115 mama
2213 3064 2583 3132 superscripsit
2622 3067 2673 3118 G
2710 3066 2759 3115 2.

607 3168 654 3223 a)
687 3171 870 3210 fremito
900 3171 937 3209 F
970 3172 1022 3220 13
1062 3171 1092 3208 i.
1122 3171 1153 3210 f.
1186 3171 1274 3210 des.
1307 3171 1513 3211 vocabulo
1545 3183 1670 3212 eraso
1704 3171 1745 3213 G
1780 3174 1818 3224 2,
1864 3173 1939 3212 ubi
1968 3174 2015 3212 in
2045 3185 2182 3223 mara.
2216 3174 2543 3226 valideauppl.
2696 3172 2741 3225 b)
2769 3175 2830 3213 in·

608 3240 784 3271 cessum
820 3229 861 3271 G
892 3230 943 3280 ὃς
976 3232 1182 3287 incesum
1215 3229 1256 3271 G
1286 3231 1329 3270 4.
1453 3229 1493 3283 c)
1524 3232 1713 3280 propria
1741 3233 1778 3271 F
1813 3234 1852 3272 1.
1976 3232 2021 3285 d)
2055 3242 2080 3271 e
2112 3244 2281 3272 erasum
2310 3233 2346 3272 F
2382 3236 2423 3273 1.
2545 3231 2588 3285 e)
2622 3233 2832 3275 sessionis

605 3291 642 3329 B
679 3291 728 3340 23
760 3290 832 3329 sui
863 3290 1068 3329 sessione
1100 3289 1136 3329 0
1157 3290 1196 3329 1.
1229 3290 1301 3329 4b.
1334 3290 1376 3328 D
1412 3291 1458 3339 13
1490 3301 1575 3330 sua
1606 3292 1809 3331 sessione
1839 3292 1904 3331 11
1937 3297 1974 3330 et
1994 3303 2015 3331 e
2044 3303 2158 3334 corr.
2195 3292 2235 3332 G
2268 3293 2409 3341 2-—43
2440 3303 2551 3332 suae
2582 3293 2695 3331 deest
2724 3291 2763 3331 A
2794 3291 2832 3330 3.

604 3346 642 3399 f)
672 3348 802 3388 Haec
834 3348 875 3390 G
909 3350 948 3390 1.
982 3349 1022 3388 2.
1143 3346 1189 3397 g)
1223 3352 1409 3388 noctum
1443 3347 1485 3390 G
1516 3350 1558 3390 3.
1593 3351 1635 3390 4.
1672 3371 1724 3380 —-
1758 3351 1917 3391 stellas
1946 3351 1985 3390 B
2022 3352 2061 3391 1.
2182 3349 2229 3400 h)
2262 3351 2326 3390 ita
2356 3353 2394 3392 A
2420 3353 2459 3392 2.
2494 3352 2536 3392 8.
2567 3353 2621 3394 Β.
2655 3352 2691 3392 C
2719 3353 2761 3391 4.
2790 3350 2828 3390 ὓ.

605 3408 642 3446 F
675 3407 736 3450 ’2.
771 3407 812 3449 G
845 3409 885 3447 1.
920 3409 962 3447 2.
996 3406 1074 3456 5a3
1105 3408 1335 3455 vergileas
1365 3407 1475 3457 A1;
1507 3409 1721 3457 virgili..
1743 3438 1752 3449 .
1773 3420 1822 3448 as
1853 3410 1890 3448 F
1924 3411 1972 3458 13
2004 3410 2211 3459 virgilias
2241 3409 2360 3450 A's.
2393 3411 2435 3449 D
2471 3412 2509 3451 1.
2543 3411 2643 3450 ΕΙ.
2674 3408 2831 3457 F4.5;

604 3467 793 3514 vigilias
824 3465 866 3506 A
898 3468 938 3506 6.
971 3467 1013 3506 D
1048 3470 1089 3506 2.
1123 3465 1164 3506 G
1194 3468 1234 3506 2.
1269 3468 1310 3508 3.
1343 3468 1386 3506 Η
1419 3469 1468 3516 1;
1513 3469 1680 3515 vigilas
1713 3468 1747 3509 G
1782 3469 1821 3509 1.
1972 3466 2006 3519 i)
2040 3469 2188 3508 natali
2235 3470 2276 3508 G
2309 3470 2347 3509 1.
2384 3470 2425 3511 2.
2570 3466 2622 3520 k)
2655 3468 2833 3518 teupha-

605 3526 731 3564 niam
765 3524 806 3565 G
840 3526 887 3575 13
920 3525 1108 3574 theuph.
1139 3525 1177 3564 F
1211 3526 1251 3567 1.
1286 3525 1327 3565 G
1352 3527 1392 3566 2.
1511 3524 1547 3576 l)
1583 3525 1837 3578 oc(c)asum
1868 3525 1965 3568 G3.
1997 3528 2042 3569 4.
2163 3526 2225 3576 m)
2257 3539 2417 3567 novum
2448 3526 2505 3581 (X
2535 3529 2600 3567 vel
2627 3525 2709 3578 XI)
2739 3536 2826 3575 cap.

604 3584 818 3632 incipiunt
852 3584 894 3623 A
928 3587 969 3626 1.
1002 3585 1041 3625 2.
1073 3584 1131 3623 D.
1162 3585 1217 3624 Ε.
1247 3585 1302 3623 F.
1336 3584 1392 3626 G.
1529 3583 1579 3635 n)
1610 3586 1673 3624 ita
1703 3586 1739 3624 F
1775 3587 1824 3635 13
1856 3586 2038 3634 aliquos
2069 3587 2111 3626 D
2147 3587 2187 3626 2.
2221 3586 2262 3626 G
2297 3587 2422 3628 1-4.
2560 3584 2605 3638 o)
2637 3588 2714 3625 hoc
2741 3595 2830 3633 cap.

606 3653 684 3683 om.
715 3642 757 3681 A
790 3639 849 3682 ’4.
971 3640 1021 3693 p)
1056 3642 1171 3683 Cum
1201 3643 1244 3683 A
1262 3644 1302 3682 2.
1423 3640 1471 3695 q)
1503 3643 1567 3682 ita
1597 3643 1678 3684 ΑΙ
1711 3645 1788 3683 hoc
1818 3645 1939 3694 loc03
1972 3644 2306 3685 Saracenorum
2336 3646 2373 3684 F
2391 3648 2443 3695 13
2476 3645 2827 3687 sarracenorum

604 3702 744 3741 ceteri.
867 3699 906 3752 r)
939 3703 989 3740 in
1018 3702 1118 3740 Deo
1151 3705 1198 3742 et
1228 3702 1312 3744 inf.
1343 3701 1382 3741 A
1413 3698 1473 3743 ⁸3.
1611 3701 1649 3754 s)
1680 3704 1790 3742 deest
1819 3705 1855 3742 F
1891 3705 1931 3743 1.
2067 3702 2102 3754 t)
2132 3705 2325 3743 nimiam
2356 3705 2695 3744 multitudinem
2724 3703 2762 3743 P
2790 3703 2827 3742 1.

603 3757 654 3810 u)
688 3758 754 3797 ita
785 3757 885 3798 ΑΒ.
917 3761 955 3799 Β
976 3756 1146 3801 1.c‘1.
1183 3762 1221 3799 1.
1242 3760 1349 3809 (323
1384 3760 1629 3810 charthag.
1663 3760 1703 3800 A
1732 3764 1782 3810 13
1815 3762 2030 3810 carthag.
2064 3763 2156 3804 alii.
2229 3761 2277 3813 v)
2312 3763 2637 3813 depopulatam
2671 3761 2767 3802 Gl.
2788 3761 2826 3799 2.

604 3816 666 3869 w)
699 3817 1061 3865 gubernaculum
1092 3820 1128 3857 F
1159 3821 1202 3860 4.
1236 3818 1289 3859 G.
1324 3821 1380 3859 H.
1415 3820 1436 3858 1
1470 3821 1511 3858 1.
1661 3817 1710 3871 x)
1742 3822 1805 3860 ita
1836 3822 1875 3860 A
1911 3823 1949 3862 1.
1980 3822 2017 3859 Β
2054 3823 2092 3860 1.
2126 3822 2162 3860 F
2196 3823 2244 3871 13
2285 3821 2491 3863 Africam
2522 3823 2586 3861 vel
2615 3821 2825 3861 Affricam

604 3876 743 3917 ceteri.
778 3897 831 3906 --
864 3886 893 3915 a
921 3877 1031 3916 deest
1056 3879 1097 3916 A
1115 3879 1154 3918 2.
1274 3875 1321 3929 y)
1355 3877 1590 3918 Saracinis
1609 3878 1702 3919 (34.
1830 3878 1873 3930 z)
1904 3877 2098 3933 terr(a)e
2115 3878 2156 3920 G
2174 3881 2306 3921 1-3,
2426 3878 2470 3931 a)
2506 3882 2585 3930 qui
2614 3881 2651 3919 F
2670 3881 2713 3921 1.
2734 3877 2827 3918 (34.

604 3931 652 3985 b)
686 3945 842 3976 errore
872 3935 910 3974 F
943 3937 982 3976 1.
1018 3935 1059 3976 G
1091 3938 1142 3984 13
1194 3946 1348 3976 errore
1384 3937 1512 3976 illius
1546 3939 1711 3988 synodi
1744 3938 1785 3978 G
1816 3939 1854 3979 3.
1887 3939 1930 3979 4.
1964 3939 1986 3978 1
2019 3940 2060 3980 2.
2212 3937 2252 3989 c)
2288 3938 2687 3989 Constantinopoli
2716 3936 2758 3977 A
2787 3936 2828 3974 3.

600 3994 645 4033 D
680 3995 722 4036 8.
757 3993 797 4034 G
828 3994 869 4034 8.
903 3994 971 4034 50.
1053 4010 1062 4024 ·
1093 3992 1140 4046 d)
1172 3995 1370 4044 principi
1401 3997 1438 4034 F
1474 3997 1510 4036 1.
1633 3994 1678 4048 e)
1712 4008 1798 4037 con
1831 3997 1867 4039 O
1898 3995 1969 4048 *15
2001 3998 2111 4037 deest
2143 3996 2178 4038 Ο
2208 4001 2249 4038 1.

609 4086 664 4154 1)
699 4089 789 4140 Ex
829 4088 893 4140 G.
938 4098 1089 4155 pont.
1138 4089 1336 4143 Bened.
1390 4089 1473 4142 II.
1674 4089 1732 4159 2)
1774 4109 1891 4143 cum
1936 4109 2130 4158 magno
2181 4093 2393 4159 fulgore
2442 4093 2647 4144 Paulus
2699 4087 2821 4141 add.

605 4160 662 4228 3)
700 4161 851 4213 Haec
901 4179 965 4214 σω
1012 4162 1194 4214 Bedae
1246 4161 1444 4214 verbis:
1495 4164 1681 4215 Africa
1708 4202 1720 4215 .
1751 4202 1763 4215 .
1791 4203 1805 4216 .
1836 4182 1973 4231 quae
2023 4167 2195 4217 fuerat
2245 4172 2394 4218 tenta
2444 4183 2477 4216 a
2529 4165 2823 4222 SaraceniS,

601 4235 720 4297 ipsa
758 4250 966 4300 quoque
1007 4235 1328 4301 Carthagine
1368 4237 1433 4287 ab
1463 4238 1540 4289 eis
1581 4244 1739 4305 capta
1766 4244 1820 4289 et
1858 4239 2145 4302 destructa,
2184 4238 2534 4291 concinnavit.
2643 4237 2702 4302 4)
2739 4234 2825 4286 Da:

600 4305 770 4368 Beda,
828 4308 975 4375 cujus
1030 4308 1219 4359 verba.-
1277 4310 1603 4361 Iustinianus
1660 4312 1845 4372 minor,
1907 4311 2240 4363 Constantini
2294 4312 2452 4377 filius,
2489 4313 2624 4364 male
2659 4308 2823 4360 imer-

588 4385 837 4443 pretatus
875 4387 968 4430 est.
