3042 4909
557 439 777 492 PAULI
816 438 1164 492 HISTORIA
1201 437 1876 491 LANGOBARDORUM.
1950 439 2096 492 LIB.
2136 440 2181 491 1.
2412 441 2480 491 57

248 615 630 693 tempestate
679 604 1042 690 convulsae,
1107 603 1514 691 postmodum
1579 604 1662 670 ab
1726 604 1846 669 hac
1911 605 2135 671 eadem
2187 605 2452 673 Caribdi
2470 618 2497 651 ⁸

244 700 509 758 voratae
552 700 720 755 sunt.
806 688 993 755 Unus
1034 698 1246 755 autem
1286 686 1686 754 solummodo
1730 711 1812 754 ex
1850 688 2147 755 omnibus
2184 690 2338 755 viris
2382 691 2494 777 qui

248 776 319 839 in
361 773 635 840 navibus
677 771 803 839 illis
845 773 1114 856 fuerant,
1157 771 1577 838 morientibus
1621 774 1868 854 ceteris,
1914 772 2068 837 dum
2111 772 2324 839 adhuc
2368 775 2493 861 spi-

244 879 396 923 rans
437 855 739 923 fluctibus
768 865 1226 942 supernataret,
1270 856 1376 920 vib
1406 876 1446 919 a
1492 877 1718 920 uarum
1743 854 2096 922 labentium
2122 854 2440 923 abductus
2451 869 2497 957 ⁶,

249 941 333 1006 ad
388 941 610 1006 oram¹¹
663 963 741 1006 us
787 963 868 1006 ue
917 939 1377 1005 inmanissimi⁰
1433 939 1453 1002 i
1505 941 1603 1005 ‘us
1658 938 1896 1005 baratri
1952 942 2264 1027 pervenit.
2366 941 2496 1023 Qui

252 1046 398 1089 cum
439 1025 570 1088 iam
614 1045 730 1111 pro
760 1024 1180 1090 nudissimum
1210 1034 1274 1089 et
1315 1022 1452 1088 sine
1480 1023 1608 1088 fine
1636 1032 1865 1110 patens
1893 1023 2084 1090 chaos
2115 1024 2493 1111 adspiceret,

260 1107 566 1195 ipsoque‘
608 1130 848 1196 pavore
889 1115 1335 1194 praemortuus
1365 1118 1477 1171 sess
1520 1104 1674 1171 illuc
1701 1107 2019 1172 ruiturum
2063 1118 2491 1195 exspectaret,

255 1192 465 1257 subito
481 1240 501 1273 ,
588 1191 730 1257 'uod
772 1213 1029 1293 sperare
1072 1211 1201 1256 non
1243 1200 1511 1290 poterat,
1565 1211 1724 1255 saxo
1772 1190 2050 1277 quodam
2096 1213 2170 1256 su
2220 1193 2493 1257 eriectus

251 1274 503 1340 insedit.
636 1297 877 1341 ecursls
907 1276 960 1340 si
1006 1274 1222 1340 uidem
1251 1296 1380 1340 iam
1410 1272 1706 1339 omnibus
1737 1296 1902 1360 quae
1933 1275 2165 1340 sorben
2210 1296 2286 1340 ae
2315 1285 2495 1342 erant

249 1359 451 1445 aquis,
500 1359 687 1425 orae¹¹
743 1358 912 1424 illius
1038 1367 1218 1424 erant
1272 1358 1593 1444 margines
1664 1357 1996 1441 denudati3
2052 1358 2344 1445 dumque,
2400 1358 2494 1424 ibi

245 1442 412 1509 inter
452 1452 546 1508 tot
585 1443 911 1528 angustias
952 1442 1186 1507 anxius
1213 1442 1325 1507 vix
1354 1442 1436 1507 ob
1480 1450 1723 1507 metum
1765 1440 2086 1529 palpitans
2132 1442 2493 1527 resederetf,

248 1524 684 1612 dilatamque*
725 1526 810 1592 ad
853 1526 1175 1594 modicum
1217 1535 1487 1598 mortem
1525 1523 1935 1590 nihilominus
1966 1526 2243 1613 operiret
2256 1528 2294 1610 ¹,
2347 1549 2494 1592 con-

248 1610 442 1696 spicit
477 1630 627 1675 ecce
670 1610 881 1676 subito
913 1609 1096 1697 quasi
1118 1631 1384 1695 magnos
1422 1630 1737 1696 aquarum
1779 1619 2025 1675 montes
2055 1608 2134 1676 de
2177 1610 2493 1697 profundo

247 1691 491 1759 resilire
537 1715 881 1780 navesque,
967 1715 1088 1759 uae
1123 1693 1462 1759 absortaem
1501 1692 1772 1775 fuerant,
1815 1693 2054 1779 primas
2099 1715 2425 1781 emergere
2442 1707 2492 1759 ¹².

252 1776 594 1863 Cumque⁰
638 1798 768 1842 una
810 1799 894 1842 ex
936 1801 953 1841 ι
1008 1778 1059 1841 's
1103 1777 1163 1841 ei
1203 1779 1552 1862 contigua?
1612 1777 1844 1859 fieretq,
1889 1776 1972 1842 ad
2026 1799 2168 1843 eam
2225 1800 2294 1843 se
2348 1779 2494 1844 nisu

250 1882 377 1947 quo
422 1862 633 1947 potuit
673 1860 1119 1947 adprehendit3
1161 1881 1280 1925 nec
1336 1881 1533 1942 mora,
1579 1861 1769 1926 celeri
1811 1859 2025 1926 volatu
2083 1883 2284 1947 prope
2341 1860 2492 1928 litus

245 1944 574 2027 advectus,
616 1944 995 2010 metuendae
1044 1944 1220 2009 necis
1264 1965 1451 2008 casus
1506 1944 1728 2026 evasit,
1782 1944 2029 2031 proprii
2132 1945 2493 2011 ostmodum

249 2028 519 2117 periculi
547 2027 780 2093 relator
808 2028 1107 2094 existens.
1171 2026 1478 2094 Nostrum
1524 2048 1799 2113 quoque,
1843 2027 1912 2091 id
1942 2039 2038 2093 est
2129 2028 2489 2112 driaticum,

249 2134 446 2192 mare,
492 2110 666 2199 quod
708 2111 858 2177 licet
896 2112 1127 2194 minus,
1172 2110 1461 2176 similiter
1495 2119 1712 2175 tamen
1739 2111 2151 2176 Venetiarum
2182 2112 2493 2177 Histriae-

250 2218 376 2283 que
419 2193 603 2260 litora
618 2207 640 2239 r
667 2194 982 2282 pervadit,
1028 2193 1328 2260 credibile
1361 2203 1475 2277 est,
1519 2215 1754 2279 parvos
1783 2194 2149 2259 huiusmodi
2184 2193 2493 2260 occultos·

249 2302 377 2367 que
420 2278 655 2345 habere
698 2291 966 2362 meatus,
1018 2279 1252 2365 quibus
1304 2289 1368 2344 et
1408 2276 1780 2343 recedentes
1828 2298 2034 2364 aquae
2078 2279 2492 2343 sorbeantur·

245 2371 313 2430 et
352 2384 603 2428 rursum
647 2364 1022 2428 invasuraet
1063 2360 1250 2428 litora
1289 2369 1720 2427 revomantur.
1807 2360 1929 2425 His
1972 2361 2061 2426 ita
2103 2360 2492 2448 praelibatis,

245 2446 335 2512 ad
364 2468 477 2512 coe
526 2457 658 2513 tam
687 2446 988 2512 narrandi
1016 2447 1244 2512 seriem
1286 2444 1643 2511 redeamus.

419 2536 442 2560 *
497 2576 513 2594 .
596 2531 804 2617 Igitur
845 2529 1087 2628 egressi
1129 2529 1209 2595 de
1255 2527 1682 2595 Scadinaviau
1725 2525 1998 2594 Winnili
2010 2540 2059 2610 V,
2105 2550 2254 2593 cum
2294 2525 2492 2593 IborW
2513 2543 2528 2561 ·

246 2623 314 2680 et
370 2613 623 2680 Aione¹
684 2613 988 2696 ducibus,
1042 2636 1111 2677 m
1152 2613 1482 2699 regionem
1527 2633 1691 2698 quae
1734 2610 2092 2699 adpellatur
2135 2610 2492 2699 scoringav

245 2697 593 2781 venientes,
638 2719 755 2785 per
803 2719 1005 2762 annos
1054 2685 1185 2762 illic
1235 2696 1495 2782 aliquod
1545 2695 1968 2762 consederunt
1988 2708 2030 2760 ¹.
2115 2694 2232 2761 Illo
2275 2696 2493 2783 itaque

246 2793 537 2868 tempore
578 2781 848 2846 Ambri⁸
894 2789 957 2847 et
984 2780 1131 2846 Assi
1149 2790 1175 2822 ⁸
1199 2778 1663 2846 Wandalorum
1693 2778 1892 2845 duces
1920 2780 2166 2845 vicinas
2205 2802 2491 2880 quasque

246 2865 615 2952 provincias
657 2862 824 2931 bello
841 2866 869 2908 b
915 2862 1311 2952 premebant.
1398 2863 1488 2928 Hi
1507 2875 1530 2909 ²
1575 2864 1704 2927 iam
1749 2862 1963 2929 multis
1993 2862 2142 2931 elati
2182 2865 2490 2947 vlctorlis,

249 3045 298 3098 a)
330 3047 441 3088 deut
474 3046 515 3088 G
547 3046 588 3087 8.
724 3041 773 3096 b)
803 3045 913 3085 deut
945 3044 981 3086 0
1011 3040 1088 3094 ἰς
1129 3043 1180 3084 in
1209 3045 1248 3085 B
1284 3045 1325 3087 1.
1459 3040 1501 3095 c)
1535 3044 1757 3086 adductus
1799 3043 1841 3084 A
1886 3045 1926 3086 5.
1960 3046 2001 3086 6.
2033 3046 2073 3086 Β
2107 3046 2148 3087 1.
2191 3044 2232 3086 G
2264 3044 2305 3084 8.
2338 3044 2380 3083 4.
2414 3043 2487 3085 ob.

247 3106 296 3147 n
327 3107 377 3156 13
410 3106 514 3146 abd.
547 3114 760 3154 πρῶτον.
793 3103 868 3144 vel
899 3103 983 3144 sub
1014 3103 1052 3143 P
1086 3104 1126 3143 1.
1256 3102 1303 3155 d)
1338 3112 1420 3143 ora
1452 3103 1491 3143 A
1525 3100 1585 3142 ’2.
1617 3103 1657 3146 5.
1690 3105 1735 3145 6.
1768 3103 1807 3142 B
1842 3105 1883 3143 1.
1927 3104 1967 3144 8.
2091 3101 2136 3156 e)
2169 3103 2493 3144 inmanissima

248 3165 291 3205 Β
325 3166 371 3207 1.
397 3164 434 3204 P
482 3166 523 3203 1.
574 3163 615 3205 G
647 3165 688 3204 1.
722 3162 774 3213 83
821 3161 1189 3203 inmanissimam
1235 3163 1272 3201 F
1304 3161 1346 3202 ὁ.
1381 3161 1422 3202 G
1451 3163 1493 3203 4.
1529 3161 1569 3202 5.
1691 3163 1726 3213 f)
1760 3162 1825 3202 hic
1871 3163 2019 3213 incipit
2064 3163 2087 3203 1
2121 3163 2161 3214 1,
2209 3163 2491 3212 quaternione

242 3223 392 3273 primo
423 3223 590 3272 wal-203
614 3225 715 3272 poet
745 3230 918 3274 pavore
958 3221 1095 3271 plura
1124 3220 1209 3262 du.
1244 3219 1286 3260 A
1317 3222 1359 3272 6,
1380 3219 1496 3269 solio
1540 3220 1771 3270 deperdito.
1894 3221 1941 3274 κ)
1973 3231 2077 3263 sese
2109 3221 2148 3261 A
2180 3217 2241 3264 '8.
2276 3222 2317 3262 8.
2353 3218 2412 3261 ‘8.
2447 3219 2488 3262 6.

247 3282 290 3323 Β
324 3283 364 3332 1,
396 3293 417 3322 e
447 3292 560 3322 corr.
592 3282 631 3321 Β
666 3281 706 3321 2.
738 3281 781 3320 D
818 3282 857 3321 1.
976 3277 1025 3330 h)
1066 3279 1161 3319 oris
1201 3289 1414 3329 mpereer.
1459 3279 1534 3320 vel
1577 3289 1656 3319 ore
1687 3281 1725 3321 Ε
1760 3281 1807 3327 1;
1845 3290 1923 3321 ore
1951 3280 1981 3323 i.
2027 3279 2236 3321 fecerant
2268 3278 2490 3328 marginis

249 3341 296 3383 d.
329 3340 366 3380 P
400 3341 450 3390 13
480 3339 704 3389 marginis
734 3339 861 3379 etiam
889 3338 927 3378 P
960 3338 1003 3379 8.
1032 3339 1074 3380 4.
1107 3338 1150 3380 5.
1186 3336 1227 3378 G
1255 3338 1312 3389 43
1352 3338 1583 3379 denudate
1616 3336 1658 3379 G
1687 3339 1731 3379 4.
1765 3338 1838 3378 ab.
1858 3349 1897 3379 c.
2017 3335 2054 3390 i)
2085 3339 2149 3377 ita
2178 3336 2221 3377 A
2251 3335 2313 3378 ⁸8.
2349 3338 2390 3378 8.
2426 3335 2488 3380 ’8.

248 3400 289 3440 F
322 3399 362 3442 1.
397 3397 438 3439 G
469 3400 512 3441 8.
641 3396 690 3449 k)
724 3398 1010 3447 dilatumque
1054 3397 1092 3437 P
1125 3398 1168 3437 1.
1218 3395 1258 3438 G
1291 3399 1334 3438 1.
1466 3395 1502 3447 1)
1539 3397 1772 3447 opperiret
1813 3396 1854 3435 A
1896 3394 1957 3439 '8.
1989 3397 2030 3437 2.
2073 3397 2111 3436 Ε
2147 3398 2187 3438 1.
2231 3394 2271 3436 G
2304 3396 2346 3437 8.
2376 3396 2400 3435 1
2435 3397 2487 3445 15

249 3457 433 3510 operire
463 3457 500 3498 Ε·
533 3459 573 3500 1.
606 3456 646 3499 G
678 3458 720 3499 1.
755 3456 806 3506 ⁸3
849 3453 1180 3507 op(p)eriretur
1210 3453 1252 3494 A
1283 3455 1324 3496 5.
1356 3456 1394 3496 B
1431 3455 1470 3496 8.
1501 3455 1545 3497 4.
1579 3456 1622 3495 D
1657 3457 1700 3500 1.
1731 3453 1772 3495 G
1801 3455 1843 3497 4.
1876 3455 1917 3497 5.
1949 3455 1972 3495 1
2005 3456 2046 3500 8.
2077 3454 2127 3503 83
2171 3454 2345 3504 periret
2376 3453 2410 3495 0
2445 3453 2487 3495 8.

249 3515 317 3569 m)
348 3517 412 3557 ita
443 3517 561 3557 codd.
591 3516 843 3557 vetustiores
874 3524 1033 3555 omna.
1170 3512 1220 3566 n)
1253 3518 1547 3563 emergerent
1586 3514 1622 3553 Γ
1658 3517 1699 3555 1.
1732 3513 1771 3552 G
1806 3515 1846 3552 1.
1880 3514 1922 3553 8.
2058 3511 2105 3564 o)
2139 3510 2254 3552 Cum
2284 3512 2321 3550 F
2356 3513 2395 3551 1.
2431 3510 2487 3553 G.

246 3573 300 3627 p)
335 3576 568 3625 condigna
614 3573 654 3616 G
688 3575 819 3615 1-4.
954 3570 1002 3625 q)
1049 3572 1200 3614 fuerat
1228 3583 1341 3613 corr.
1389 3572 1530 3613 fuerit
1557 3572 1595 3612 F
1629 3573 1676 3622 13
1723 3572 1864 3612 merit
1910 3570 1951 3612 G
1984 3572 2026 3611 1.
2062 3570 2115 3619 83
2164 3569 2334 3610 fuerint
2365 3567 2407 3610 G
2437 3569 2490 3619 83

246 3634 350 3676 fleri
381 3634 404 3674 1
435 3635 487 3684 83
517 3635 641 3675 facta
669 3632 836 3675 {uisset
864 3641 967 3673 eam
999 3631 1227 3682 quomodo
1257 3635 1350 3682 pot.
1384 3630 1424 3672 G
1454 3631 1497 3671 4.
1619 3628 1660 3681 r)
1693 3630 1830 3670 litore
1860 3629 1896 3669 Ρ
1915 3631 1957 3672 1.
1991 3628 2090 3671 Gl.
2122 3628 2163 3668 8.
2194 3628 2236 3669 4.
2343 3626 2383 3679 s)
2397 3638 2491 3668 sor·

245 3694 416 3734 bantur
444 3693 481 3733 P
514 3694 554 3734 8.
589 3693 629 3733 8.
662 3693 704 3733 4.
740 3691 798 3738 G.
917 3689 952 3741 t)
986 3691 1207 3731 invasura
1236 3690 1278 3731 A
1310 3691 1352 3731 8.
1387 3690 1467 3738 8a;
1512 3689 1728 3730 invasore
1774 3688 1811 3728 P
1845 3692 1885 3731 1.
1919 3687 1959 3730 G
1992 3685 2039 3738 25
2071 3689 2232 3727 invaso
2266 3685 2308 3727 G
2338 3686 2391 3736 83
2424 3687 2491 3726 in-

247 3762 364 3793 vasa
394 3752 451 3792 ad
482 3751 617 3792 litore
651 3750 692 3792 G
722 3751 772 3800 43
803 3750 965 3792 invaso
996 3750 1133 3790 litore
1164 3749 1202 3789 P
1235 3750 1258 3789 1
1293 3759 1314 3788 ο
1343 3759 1474 3800 corr„
1508 3748 1549 3788 8.
1585 3748 1626 3789 8.
1659 3747 1710 3796 53
1754 3747 1812 3788 ab
1843 3748 2057 3788 invasore
2101 3747 2237 3787 litore
2271 3745 2312 3787 G
2343 3745 2489 3795 διάη

249 3809 311 3851 ab
357 3810 519 3851 invaso
568 3810 693 3851 litori
726 3809 767 3851 G
799 3807 870 3858 ’ὃς
901 3808 960 3849 ab
1004 3808 1168 3849 invaso
1213 3808 1348 3848 litore
1394 3806 1436 3847 A
1482 3806 1553 3849 ba.
1598 3806 1636 3845 G
1669 3806 1736 3847 δα.
1873 3805 1921 3857 n)
1957 3805 2018 3846 ita
2063 3805 2100 3845 P
2134 3807 2172 3848 1.
2207 3804 2247 3846 G
2282 3807 2301 3844 1
2356 3803 2490 3858 (corr.

247 3867 455 3920 Suum),
486 3869 586 3919 αῑίἱς
617 3867 910 3911 Scadanavia
939 3866 982 3907 A
1012 3867 1053 3907 8.
1089 3865 1199 3916 G83
1230 3865 1449 3908 Scandin.
1482 3876 1597 3906 corr.
1632 3863 1827 3907 Scadan.
1861 3865 1902 3905 D
1923 3867 1964 3905 1.
2083 3862 2131 3916 v)
2162 3864 2344 3906 winuli
2375 3864 2412 3903 B
2448 3865 2490 3907 1.

253 3926 295 3968 G
324 3928 378 3978 43
408 3928 621 3969 Winnuli
651 3927 694 3967 A
725 3923 797 3976 ‘83
828 3926 993 3968 winili
1021 3926 1058 3966 P
1092 3928 1133 3969 1.
1166 3925 1207 3967 G
1241 3928 1293 3974 13
1331 3930 1486 3976 postea
1515 3924 1636 3966 codd.
1683 3929 1849 3966 tantum
1895 3935 1984 3965 non
2027 3933 2170 3965 omncs
2199 3922 2398 3964 Winnili
2428 3923 2493 3962 vel

249 3986 428 4028 Winili.
552 3984 613 4038 w)
646 3986 772 4026 Ybor
801 3984 843 4025 A
876 3983 948 4034 ’83
979 3984 1107 4026 Ebor
1138 3984 1179 4026 G
1212 3986 1252 4025 1.
1289 3985 1343 4034 83
1373 3984 1528 4025 libore
1562 3982 1602 4024 G
1632 3981 1682 4035 δ,
1730 3988 1766 4025 οε
1797 3985 1860 4023 ita
1892 3983 2102 4033 deinceps.
2224 3980 2274 4033 x)
2307 3981 2489 4030 Agions

247 4045 290 4085 B
324 4047 363 4086 1.
397 4045 449 4087 F.
485 4044 584 4086 G8.
618 4045 658 4086 ὁ.
692 4045 715 4085 1
735 4044 786 4094 83
816 4042 998 4093 Alcone
1031 4043 1130 4085 G8.
1252 4041 1300 4094 y)
1336 4042 1579 4092 Scor-incia
1612 4041 1710 4085 G8.
1830 4040 1873 4094 z)
1906 4042 2092 4084 cambri
2126 4040 2225 4082 GS.
2347 4037 2391 4093 a)
2407 4037 2489 4079 Asi

251 4103 306 4146 1³.
341 4102 396 4146 G.
427 4104 452 4143 Ι
484 4105 527 4144 2.
647 4100 695 4155 b)
727 4113 811 4153 per
840 4102 969 4144 bella
999 4102 1041 4143 A
1071 4099 1133 4145 ’8.

254 4251 312 4317 1)
355 4250 506 4314 Quae
542 4252 608 4305 de
635 4250 1111 4320 Lanqobardorum
1147 4248 1360 4302 sedibus
1399 4249 1456 4302 in
1482 4248 1744 4317 Scorinqa
1781 4257 1828 4300 et
1861 4254 1978 4315 post
2007 4247 2073 4310 (c.
2100 4248 2191 4312 11)
2232 4245 2289 4298 in
2326 4246 2489 4298 Mau·

251 4322 413 4392 rinqa
449 4324 656 4376 Paulus
705 4325 872 4377 tradit
926 4323 1068 4376 unde
1118 4322 1371 4386 hauserit,
1422 4339 1530 4374 non
1579 4330 1795 4375 constat.
1948 4320 2006 4388 2)
2043 4319 2196 4373 Haec
2233 4335 2297 4372 ex
2341 4317 2486 4387 Oriq.

249 4395 461 4450 Paulus
500 4397 686 4451 sumsit
723 4403 771 4451 et
807 4414 902 4451 suo
939 4412 1081 4451 moro
1120 4394 1476 4463 amplificavit.
1780 4413 1786 4420 ·

2573 2573 2584 2586 .
2617 2545 2692 2590 52.
