3042 4909
564 393 632 444 50
853 391 1075 444 PAULI
1113 391 1461 444 HISTORIA
1500 391 2176 444 LANGOBARDORUM.
2253 390 2398 441 LIB.
2440 389 2485 440 1.

363 582 439 636 ·p.
470 587 543 627 ιο.
607 560 708 624 *2.
752 558 856 623 De
901 557 1325 623 Scadinavia*
1364 558 1592 642 insula,
1637 568 1701 624 et
1743 559 1924 645 quiab
1969 580 2053 622 ex
2095 579 2171 624 ea
2205 555 2631 639 Winilorum‚
2673 557 2796 621 hoc

755 651 852 707 est
893 640 1486 727 Langobardorum,
1529 665 1687 729 gens
1731 650 1827 708 est
1869 663 2145 728 egressa.

648 728 710 792 3.
754 724 948 807 Quod
987 725 1143 792 Ibor
1185 735 1248 790 et
1289 726 1413 790 Aio
1430 739 1455 770 0
1497 728 1691 813 primi
1734 725 1932 791 duces
1974 724 2363 791 Winilorum
2404 746 2554 790 cum
2596 732 2797 788 matre

755 830 872 874 sua
917 807 1242 874 Gambara
1281 808 1539 876 fuerunt
1551 811 1599 873 θ.

648 894 709 957 4.
753 893 857 958 De
902 902 1146 980 septem
1187 893 1343 957 viris
1386 894 1562 980 apud
1609 894 2019 960 Germaniam
2037 904 2061 935 θ
2108 892 2585 959 dormientibus.

646 976 708 1043 5.
751 977 855 1042 De
944 986 1086 1042 ente
1131 974 1659 1043 Scritobinorum.

646 1064 708 1128 6.
750 1062 855 1127 De
885 1000 1135 1127 (luobus
1163 1060 1483 1127 umbilicis
1513 1064 1736 1127 oceani
1778 1062 1992 1145 mariS‚
2022 1062 2168 1148 quif
2214 1064 2363 1126 sunt
2405 1083 2488 1125 ex
2528 1065 2794 1144 utraque

797 1156 933 1211 arte
974 1145 1348 1211 Brittaniae.

648 1231 706 1295 7.
814 1228 946 1294 uod
972 1228 1243 1296 winilis
1284 1232 1351 1294 in
1397 1230 1778 1316 Scoringam
1830 1237 2159 1312 venerunt,
2202 1229 2305 1292 eth
2363 1228 2519 1313 quia
2569 1224 2798 1289 Ambri

749 1322 813 1379 et
839 1313 1024 1378 Assii
1068 1312 1536 1379 Wandalorum
1580 1313 1777 1380 duces
1808 1314 1899 1378 eis
1940 1311 2182 1377 tributa
2224 1311 2347 1378 sibi
2363 1313 2394 1353 Β
2437 1307 2797 1396 persolvere

746 1397 1230 1462 mandaverunt.

686 1533 702 1549 .
744 1481 848 1545 De
896 1480 1158 1547 Godan¹
1205 1489 1268 1546 et
1308 1482 1475 1547 Frea
1515 1480 1842 1547 ridiculam
1886 1479 2124 1544 fabula.

643 1483 702 1631 ἓ.
748 1564 965 1646 Quare
1006 1562 1234 1630 Winili
1274 1563 1689 1650 Langobardi
1728 1562 2030 1651 appellati
2074 1564 2239 1628 sint¹¹
2255 1611 2271 1644 ,
2316 1572 2380 1627 et
2465 1559 2595 1625 uod
2639 1559 2793 1625 Wo-

742 1657 896 1714 tan⁰
940 1650 1080 1734 ipse
1135 1648 1217 1713 sit
1274 1650 1385 1734 qui
1441 1669 1481 1711 a
1527 1647 1616 1712 ud
1658 1648 1982 1714 Romanos
2025 1647 2383 1713 Mercurius
2474 1644 2681 1708 'citur.

606 1733 701 1798 10.
747 1731 1082 1813 Quomodo
1127 1731 1469 1818 Langobar
1517 1733 1533 1747 ⁰
1578 1732 1932 1799 Wandalos
1984 1733 2293 1813 vicerunt,
2351 1738 2455 1795 etv
2499 1726 2580 1792 de
2622 1725 2791 1790 fame

746 1814 1337 1901 Langobardorum.

605 1901 699 1965 11.
743 1899 917 2048 ²Qwuia
944 1898 1385 2048 ‘tIffiangobagdi
1430 1901 1498 1964 in
1518 1899 1968 2049 dllitlauringam
2030 1901 2298 1964 transire
2360 1895 2645 1964 volentes
2710 1892 2791 1958 ab

599 2067 700 2132 12.
743 2005 1706 2133 Deglpmodonialglhialmggonim
1782 2069 2068 2133 virorum
2129 2066 2422 2146 fortium,
2482 2073 2793 2150 quorumr

742 2173 906 2215 unus
950 2174 984 2217 e
1026 2151 1490 2238 Langobardis,
1536 2150 1696 2217 alter
1737 2174 1822 2216 ex
1864 2150 2195 2237 Assipittis
2215 2162 2237 2194 ⁸
2281 2148 2418 2213 fuit.
2648 2228 2660 2243 ι

597 2235 695 2300 13.
742 2233 936 2316 Quod
977 2235 1390 2321 Langobardi
1417 2237 1486 2300 in
1509 2235 1917 2320 Mauringam
1944 2235 2357 2316 transienmt,
2402 2253 2481 2296 ac
2500 2236 2519 2275 2
2564 2228 2793 2295 demde

741 2318 826 2382 ad
881 2316 1225 2384 ulteriorau
1282 2318 1426 2384 loca
1480 2341 1598 2407 pro
1679 2321 1806 2384 essi
1849 2328 2015 2385 sunt.

598 2404 696 2467 14.
742 2401 931 2484 Quia,
977 2405 1245 2468 mortuis
1288 2403 1444 2468 Ibor
1487 2412 1552 2469 et
1660 2404 1804 2470 'one
1819 2416 1849 2447 v
1891 2402 2183 2486 ducibus,
2226 2398 2638 2487 Langobardi
2665 2396 2792 2485 pri-

741 2507 921 2550 mum
962 2508 1182 2572 regem
1221 2484 1701 2573 Agelmundum
1715 2501 1758 2531 w
1800 2487 2181 2552 habuerunt.

353 2575 426 2630 'a
459 2579 533 2620 4⁷·
551 2574 576 2598 ¹*
597 2568 694 2634 15.
737 2569 843 2634 De
871 2571 1205 2635 meretrice
1227 2592 1391 2656 quae
1421 2581 1666 2657 septem
1692 2571 2035 2636 infantulos
2058 2568 2307 2669 peperit
2319 2581 2370 2650 ¹,
2402 2579 2529 2633 exY
2562 2564 2794 2651 quibus

738 2652 1083 2718 Lamissio²
1106 2675 1272 2718 unus
1293 2655 1431 2738 fuit,
1456 2665 1520 2720 et
1544 2654 1625 2718 de
1646 2653 2096 2721 monomachia
2117 2675 2255 2718 elus
2278 2673 2427 2717 cum
2443 2649 2791 2715 Amazone.

596 2737 696 2802 16.
740 2734 1081 2816 Quomodo
1112 2736 1430 2823 Vulgares
1447 2749 1473 2781 ⁸¹
1516 2748 1716 2804 noctu
1745 2763 1940 2827 super
1983 2747 2192 2818 castra
2217 2735 2792 2823 Langobardorum

741 2821 1086 2903 inruentes,
1137 2820 1618 2906 Agelmundum
1631 2824 1659 2866 ¹²
1713 2846 1932 2912 regem
1973 2827 2427 2893 interfecerunt
2477 2837 2541 2894 et
2595 2827 2792 2893 filiam

740 2905 877 2968 eius
892 2915 918 2948 ⁰
963 2905 1283 2989 captivam
1326 2904 1669 2972 duxerunt.

549 3042 669 3082 qnae
698 3032 762 3072 sit
793 3029 1043 3072 Germania
1075 3035 1121 3072 et
1165 3042 1283 3081 quae
1317 3036 1476 3081 gentes
1518 3043 1623 3074 eam
1667 3034 1910 3077 inabitent.
1976 3038 2017 3077 ἲ.
2047 3038 2109 3080 Ut
2151 3039 2264 3088 quid
2303 3040 2597 3089 Langobardi
2628 3053 2658 3081 a
2686 3050 2790 3089 pro·

547 3091 649 3140 prio
680 3089 780 3130 solo
822 3090 1053 3130 moverint
1083 3100 1132 3130 se
1165 3095 1211 3131 et
1252 3093 1444 3132 nomina
1473 3093 1728 3142 primorum
1775 3095 1942 3136 ducum
1976 3095 2042 3148 (et
2075 3119 2124 3128 —
2170 3099 2337 3139 ducum
2377 3100 2529 3140 desunt
2559 3100 2595 3139 F
2628 3101 2670 3141 2.
2700 3095 2786 3152 ⁸2).

548 3152 593 3193 8.
625 3147 901 3189 Miracnlum
932 3149 988 3189 de
1019 3153 1198 3199 septem
1229 3149 1371 3199 longo
1403 3154 1610 3201 tempore
1641 3152 1985 3196 dormientibus.
2045 3157 2089 3196 4.
2108 3156 2180 3199 De
2211 3157 2547 3211 Scripto‘winis‚
2580 3163 2626 3201 et
2658 3158 2791 3212 (decet

546 3205 585 3249 1³
613 3204 680 3259 ⁸2)
714 3207 914 3257 qualiter
943 3208 1066 3258 apud
1097 3218 1176 3248 eos
1206 3208 1276 3248 sol
1309 3209 1518 3251 candeat.
1582 3210 1626 3251 5.
1657 3211 1729 3252 De
1761 3213 1902 3252 maris
1931 3214 2151 3256 umbilico
2183 3218 2497 3259 testimoninm
2529 3219 2715 3269 virgilii
2745 3222 2793 3259 et

548 3267 679 3309 alind
706 3267 757 3306 in
784 3266 1014 3307 Brittania
1045 3271 1119 3307 etc.
1157 3288 1209 3298 -—
1242 3267 1436 3319 Denique
1467 3270 1510 3309 Η
1546 3271 1569 3309 1
1601 3270 1779 3320 incipit:
1814 3270 1940 3312 Gens
1969 3272 2118 3323 Lang.
2151 3275 2275 3316 dicta
2306 3278 2539 3326 quomodo
2571 3282 2652 3320 aut
2681 3288 2789 3328 qna·

546 3327 654 3368 liter
683 3328 906 3366 exeuntes
941 3325 996 3365 de
1028 3326 1272 3375 provincia
1302 3337 1387 3367 sua
1419 3328 1477 3368 ad
1493 3329 1829 3379 expugnandas
1859 3330 2086 3380 plurimas
2118 3338 2293 3387 gentes,
2324 3337 2434 3385 qnia
2453 3347 2511 3378 ex
2543 3346 2713 3386 genere
2744 3339 2789 3377 et

546 3385 788 3427 nativitate
818 3383 992 3424 munda
1021 3386 1320 3433 generatione
1350 3386 1515 3428 winili
1559 3387 1748 3429 fuerunt
1776 3392 2029 3438 procreati.
2104 3392 2176 3433 De
2220 3394 2473 3436 Germania
2515 3397 2639 3446 qnod
2668 3407 2712 3446 p·
2742 3405 2788 3436 n·

547 3456 593 3495 p.
623 3449 697 3485 stc.
730 3444 802 3484 De
834 3442 968 3484 Scad.
1000 3443 1154 3484 insula
1185 3444 1322 3488 dicta.
1353 3446 1463 3494 quia
1494 3456 1555 3486 ex
1586 3456 1642 3486 ea
1672 3450 1744 3487 etc.
1865 3445 1910 3499 a)
1944 3448 2254 3493 Scadianavia
2284 3453 2323 3493 A
2357 3454 2438 3504 8c3
2479 3454 2790 3496 scandinavia

545 3502 589 3544 A
620 3501 683 3544 3?
712 3504 767 3546 B.
802 3501 852 3544 0.
885 3502 944 3542 D.
977 3503 1031 3546 Ε.
1152 3500 1200 3555 b)
1234 3503 1313 3552 qui
1343 3513 1398 3544 ea
1428 3502 1470 3544 A
1502 3504 1575 3545 ab.
1697 3503 1739 3556 c)
1783 3504 1875 3546 Alo
1907 3508 1950 3549 A
1981 3506 2059 3560 ⁸33
2099 3510 2221 3551 Haio
2261 3511 2304 3552 A
2336 3514 2377 3554 6.
2500 3512 2547 3564 d)
2580 3514 2624 3554 D
2657 3513 2683 3554 3
2714 3523 2789 3552 ar·

544 3567 785 3613 mentum
824 3561 868 3603 4.
914 3572 1006 3601 cum
1037 3562 1114 3601 hoc
1160 3560 1223 3601 ita
1261 3562 1408 3612 Junqic
1453 3568 1502 3602 uc
1549 3562 1704 3604 addat.-
1751 3567 1799 3605 et
1843 3565 1901 3606 de
1946 3568 2173 3609 miraculo
2220 3573 2399 3621 septem
2445 3572 2786 3614 dormientium.

547 3618 594 3673 e)
626 3619 902 3664 Germanias
940 3618 983 3659 A
1014 3621 1057 3661 3.
1090 3620 1160 3661 Sc.
1311 3619 1348 3672 f)
1398 3623 1479 3671 qni
1513 3644 1566 3652 —
1611 3623 1872 3664 Brittaniae
1919 3626 2004 3666 des.
2052 3628 2091 3667 Β
2126 3630 2167 3671 1.
2319 3628 2367 3681 g)
2414 3631 2628 3673 Uninnili
2673 3632 2712 3671 Β
2744 3632 2786 3671 1.

545 3677 595 3731 h)
629 3683 674 3720 et
720 3700 774 3711 -
819 3679 1159 3720 mandaverunt
1187 3679 1272 3718 des.
1304 3680 1344 3720 Ε
1380 3682 1421 3721 1.
1557 3678 1591 3732 i)
1624 3681 1761 3723 'fassi
1787 3681 1831 3723 A
1864 3683 1904 3724 8.
1940 3686 2005 3725 Sc.
2037 3686 2082 3726 H
2113 3688 2168 3740 13
2212 3685 2397 3730 Assiam
2443 3690 2487 3730 D
2524 3691 2579 3741 13
2623 3689 2789 3731 Asiani

546 3737 627 3778 alii
655 3738 713 3780 D.
831 3736 879 3788 k)
912 3737 976 3776 ita
1007 3737 1063 3778 A.
1097 3737 1149 3778 C.
1182 3737 1239 3779 D.
1270 3738 1333 3788 1⁴3
1375 3740 1422 3779 vi
1452 3741 1491 3780 Β
1528 3743 1566 3783 1.
1695 3739 1730 3792 l)
1775 3741 1956 3784 Godam
1988 3746 2026 3785 B
2065 3747 2106 3786 1.
2238 3744 2303 3799 m)
2347 3758 2382 3788 r.
2415 3749 2445 3788 f.
2479 3750 2563 3788 dee.
2595 3748 2638 3789 A
2670 3748 2710 3788 5.
2744 3750 2788 3791 6.

547 3793 596 3847 n)
629 3798 738 3836 sunt
765 3795 807 3836 A
837 3796 885 3840 ὃς
920 3799 966 3837 et
997 3818 1049 3826 —
1082 3795 1252 3836 dicitur
1279 3797 1365 3840 des.
1394 3800 1433 3840 Ε
1467 3802 1506 3841 1.
1656 3798 1702 3853 ο)
1736 3800 1857 3842 Vota
1899 3814 2012 3846 corr.
2063 3804 2230 3846 Godan
2259 3807 2303 3847 D
2336 3809 2389 3858 13
2438 3807 2603 3849 Godan
2646 3806 2696 3849 C.
2727 3807 2790 3851 D.

549 3875 602 3885 —
635 3854 736 3905 ipse
766 3864 803 3893 s.
836 3865 879 3903 q.
910 3854 996 3895 aa.
1027 3853 1069 3892 A
1100 3855 1140 3895 6.
1257 3855 1308 3908 p)
1340 3860 1387 3898 et
1417 3858 1461 3900 d.
1491 3858 1525 3898 f.
1557 3859 1609 3901 L.
1651 3859 1737 3900 des.
1767 3861 1806 3900 Ε
1838 3862 1880 3902 1.
2002 3859 2049 3913 q)
2082 3865 2142 3904 ad
2171 3862 2393 3916 Asipictis
2422 3867 2462 3907 Β
2496 3868 2545 3917 1;
2576 3877 2605 3907 a
2635 3865 2795 3906 'Passis

544 3914 655 3965 pitis
698 3911 740 3952 A
770 3913 822 3963 ὃς
846 3922 874 3952 a
903 3912 1173 3963 'l'asispictis
1203 3913 1247 3953 H
1280 3917 1331 3966 13
1362 3926 1391 3956 a
1421 3917 1601 3967 sipiatis
1633 3916 1675 3958 A
1708 3919 1748 3961 5.
1780 3919 1833 3970 ὃς
1865 3929 1894 3959 a
1923 3920 2078 3961 'Passis
2109 3924 2236 3973 pittis
2255 3934 2367 3964 corr.
2401 3925 2458 3965 ab
2491 3925 2621 3967 Assia
2651 3925 2790 3975 pictis

545 3972 589 4014 D
620 3973 662 4012 1.
698 3995 750 4003 —
782 3975 830 4012 et
860 3992 912 4003 —
946 3971 1157 4021 impediti
1185 3972 1270 4015 des.
1301 3975 1340 4015 E
1374 3976 1414 4014 1.
1536 3974 1577 4027 r)
1610 3986 1805 4026 qnorum
1839 3998 1892 4009 —
1924 3978 2012 4020 fnit
2040 3981 2127 4022 des.
2158 3982 2198 4022 Ε
2232 3984 2273 4024 1.
2390 3980 2430 4034 s)
2463 3994 2490 4024 e
2521 3983 2794 4035 Tassispitis

544 4029 588 4071 A
620 4031 664 4073 8.
696 4031 777 4082 803
823 4040 850 4070 e
895 4029 1051 4070 'Passis
1095 4030 1223 4080 pittis
1265 4034 1305 4074 Β
1339 4034 1378 4085 1,
1424 4044 1541 4074 corr.
1588 4044 1646 4075 ex
1691 4034 1958 4092 Assispictis
1987 4039 2031 4079 D
2079 4042 2134 4091 1;
2178 4038 2447 4092 Assispictis
2495 4042 2546 4085 0.
2579 4043 2638 4085 D.
2668 4044 2714 4084 H
2746 4046 2789 4085 1.

544 4087 582 4141 t)
614 4099 669 4129 ae
703 4111 756 4120 —
796 4091 904 4129 sunt
943 4089 1029 4128 des.
1059 4089 1099 4129 Ε
1135 4091 1172 4131 1.
1293 4089 1342 4142 ιι)
1377 4091 1529 4133 altera
1556 4094 1662 4133 loca
1691 4097 1949 4145 progressis
1981 4108 2020 4138 s.
2054 4099 2093 4138 Β
2126 4101 2167 4140 1.
2288 4098 2336 4151 v)
2379 4099 2562 4151 Agicne
2596 4101 2639 4141 d.
2670 4102 2792 4143 Lan-

544 4147 850 4198 gobardorum
888 4149 928 4189 B
964 4149 1005 4191 1.
1155 4147 1216 4200 w)
1248 4148 1532 4208 Agelmuntii
1578 4163 1600 4192 c
1628 4164 1741 4197 corr.
1788 4153 1830 4194 A
1862 4155 1905 4206 8,
1950 4160 1988 4195 et
2034 4157 2099 4197 ita
2145 4156 2187 4197 A
2218 4158 2295 4209 3⁰3
2338 4158 2621 4209 Agilmundo
2668 4172 2788 4204 corr.

543 4204 884 4256 Agelmundum
915 4207 958 4247 D
992 4208 1032 4247 1.
1151 4206 1200 4259 x)
1233 4211 1468 4259 pepererit
1496 4211 1541 4251 D
1575 4214 1616 4252 1.
1751 4211 1799 4265 y)
1829 4223 1887 4253 ex
1921 4235 1964 4244 —
2005 4214 2244 4258 Amazone
2275 4218 2361 4260 aa.
2392 4219 2433 4258 Β
2465 4221 2504 4261 1.
2626 4216 2671 4271 z)
2703 4219 2789 4261 La·

543 4266 684 4306 misso
716 4264 758 4305 A
788 4265 839 4316 ὃς
867 4265 1072 4306 Lamisio
1119 4266 1159 4307 Β
1194 4269 1215 4307 1
1254 4267 1310 4321 (σε
1354 4269 1419 4309 ita
1442 4269 1632 4323 postea).
1772 4270 1818 4323 a)
1848 4273 2077 4323 Bulgares
2122 4273 2165 4315 A
2196 4272 2261 4317 ⁸3.
2294 4275 2333 4316 Ι,
2366 4277 2408 4328 2,
2465 4289 2487 4317 e
2515 4289 2633 4321 corr.
2663 4278 2707 4318 D
2742 4280 2784 4320 1.

542 4322 591 4434 13
618 4323 905 4423 {Afflzmssntix
934 4325 1130 4424 {Simu
1159 4328 1454 4377 Agelmundo
1471 4328 1947 4379 corr-‚Agelmundum
1977 4332 2021 4372 D
2040 4335 2088 4384 13
2120 4333 2208 4383 Ag.
2232 4356 2286 4367 -
2317 4335 2550 4378 duxerunt
2578 4337 2723 4379 dan
2745 4338 2789 4378 1.

637 4393 667 4433 ρ
713 4393 741 4423 ιι
898 4411 909 4423 .
1048 4413 1058 4424 .
