3042 4909
632 393 732 443 186
941 392 1159 444 PAULI
1197 391 1544 445 HISTORIA
1582 392 2250 447 LANGOBARDORUM.
2324 392 2469 444 LIB.
2507 394 2572 446 V.

615 556 1057 643 Langobardis
1100 579 1339 644 pavore
1382 557 1716 623 deterritos
1759 569 1966 624 castra
2005 560 2257 645 integra
2297 558 2647 644 reliquisse,
2691 581 2850 624 mox

615 641 765 707 laeti
822 642 1030 706 effecti
1075 643 1364 706 certatim
1408 651 1639 707 cuncta
1693 642 2007 708 invadunt
2063 663 2457 728 coenamque
2499 642 2849 708 affluentis-

614 726 841 790 simam
892 726 1227 790 instruunt.
1331 726 1460 805 Qui
1514 726 1670 790 dum
1728 726 1997 790 diversis
2048 724 2251 811 epulis
2310 724 2675 811 multoque⁸
2740 725 2846 791 de-

611 808 861 895 gravati
890 809 1037 873 vino
1083 830 1433 895 somnoque
1478 809 1884 894 quievissent,
1932 807 2267 873 Grimuald
2309 831 2503 895 super
2545 830 2653 874 eos
2696 819 2844 895 post

610 894 816 957 noctis
869 892 1154 956 medium
1207 893 1487 973 inruens,
1547 902 1723 957 tanta
1779 914 1887 957 eos
1940 892 2134 957 caede
2235 893 2562 975 rostravit,
2617 902 2689 957 ut
2728 894 2848 956 vix

610 976 916 1123 {33²5ss
945 974 1292 1123 ῗέιὲΞΡέἕι
1308 974 2846 1123 Ρᾶἒέἷῖἐώἒίῗέἔοῖἓξξίἴὲζ·ιωὲῑῗέῑῗὲἒὲ

610 1082 984 1228 appellatugr,
1025 1164 1144 1207 neo
1171 1082 1375 1227 long}
1391 1142 1584 1207 distat
1611 1107 1693 1206 ab
1737 1142 2027 1207 Astensis
2058 1082 2418 1206 civitaltulae
2445 1140 2781 1206 moenibus
2795 1143 2842 1206 ἅ.

779 1225 837 1289 6.
922 1225 1045 1289 His
1101 1225 1326 1290 diebus
1370 1225 1822 1291 Constantinus
1864 1233 2174 1310 augustus
2191 1273 2208 1307 ,
2265 1226 2379 1311 qui
2421 1233 2485 1289 et
2527 1224 2843 1290 Constans

422 1334 506 1376 sss
523 1333 590 1379 in.
609 1318 707 1373 est
739 1307 1123 1406 ’appellatus
1140 1357 1157 1391 ,
1228 1308 1479 1373 Italiam
1558 1330 1598 1371 a
1672 1308 2242 1393 Langobardorum
2317 1320 2555 1373 manu0
2620 1330 2840 1373 eruere

607 1414 687 1456 cu
736 1415 903 1474 iens,
972 1390 1628 1490 Constantinopolimf
1691 1414 2000 1477 egressus,
2065 1414 2180 1478 per
2192 1403 2237 1447 Β·
2260 1405 2281 1439 ¹
2345 1390 2661 1456 litoralia¹¹
2725 1393 2844 1457 iter

603 1474 686 1538 ha
731 1497 863 1557 ens,
906 1473 1218 1540 Athenasi
1257 1485 1451 1556 vemt,
1492 1474 1769 1560 indeque
1798 1497 1972 1539 mare
2001 1485 2450 1561 transgressus,
2494 1475 2843 1539 Tarentum

603 1580 644 1621 a
689 1556 930 1643 plicuit.
1016 1558 1146 1637 Qui
1187 1565 1400 1622 tamen
1426 1560 1605 1643 prius
1635 1558 1719 1622 ad
1761 1557 2107 1624 solitarium
2154 1558 2493 1644 quendam,
2539 1559 2651 1643 qui
2694 1580 2837 1643 pro-

602 1580 857 1726 phetiae
921 1642 1214 1726 spiritum
1276 1640 1514 1705 habere
1580 1640 1912 1706 dicebatur
1926 1644 1959 1685 ¹³
2043 1641 2218 1725 adiit,
2285 1641 2571 1707 studiose
2636 1642 2717 1706 ab
2763 1663 2838 1705 eo

604 1725 928 1788 sciscitans
943 1725 978 1806 ¹,
1022 1732 1235 1787 utrum
1283 1732 1543 1808 gentem
1597 1689 2201 1809 Langobardorum,
2263 1747 2427 1812 quae
2481 1726 2549 1788 in
2601 1724 2840 1789 Italiam

602 1806 963 1888 habitabat,
1010 1828 1313 1892 superare
1331 1820 1360 1850 ¹¹
1405 1816 1469 1872 et
1511 1808 1798 1893 optinere
1841 1809 2061 1894 possit.
2146 1807 2209 1872 A
2297 1830 2380 1872 uo
2426 1830 2574 1871 cum
2615 1830 2838 1872 servus

602 1891 731 1954 Dei
775 1890 1051 1976 spatium
1079 1891 1267 1954 unius
1296 1891 1504 1954 noctis
1548 1893 1912 1977 expetisset,
1957 1902 2030 1957 ut
2068 1904 2225 1977 pro⁰
2314 1913 2389 1956 oo
2429 1892 2572 1977 ipso
2614 1891 2840 1955 Domi-

600 1996 754 2037 num
796 1972 1243 2060 supplicaret*,
1301 1973 1471 2037 facto
1485 1985 1513 2027 Ρ
1558 1996 1745 2038 mane
1788 1976 1879 2039 ita
1919 1974 2126 2039 eidem
2168 1983 2440 2060 augusto
2480 1975 2836 2060 respondit:

568 2109 581 2124 .
602 2057 800 2123 ‘Gens
842 2056 1414 2142 Langobardorum
1457 2057 1780 2143 *superari
1807 2057 1999 2122 modo
2043 2059 2125 2124 ab
2182 2056 2396 2144 aliquo
2438 2078 2568 2122 non
2608 2067 2838 2142 potest,

659 2215 706 2285 *)
747 2215 1033 2284 Sequentia
1069 2217 1129 2270 in
1166 2220 1316 2271 codd.
1356 2221 1403 2270 F
1442 2220 1493 2270 2.
1534 2216 1609 2270 *2.
1652 2219 1714 2268 2⁸
1756 2229 1803 2271 et
1841 2220 1923 2272 ecl.
1970 2237 2065 2286 pr.
2122 2216 2202 2271 ita
2259 2218 2520 2285 ampliata
2559 2220 2831 2287 leguntur:

745 2297 805 2343 ut
840 2308 936 2359 pro
974 2288 1078 2342 hoe
1115 2293 1233 2358 ipso
1275 2292 1548 2344 dominum
1584 2293 1761 2343 Deum
1799 2292 2156 2361 supplicaret3
2211 2297 2266 2343 et
2303 2292 2396 2343 ille
2434 2291 2664 2344 fideliter
2702 2308 2834 2358 age-

746 2365 861 2428 bat3
933 2370 1176 2431 prompto
1238 2366 1397 2416 corde
1462 2367 1758 2417 orationem
1812 2365 2038 2416 fundens
2093 2366 2164 2415 ad
2216 2365 2532 2428 Dominum,
2591 2365 2833 2416 dicebat:

747 2437 995 2488 ‘Domine
1033 2438 1198 2489 Ihesu
1238 2439 1464 2501 Christe,
1503 2454 1597 2488 rex
1634 2454 1839 2503 regum,
1890 2437 2070 2488 lumen
2105 2453 2287 2500 verax,
2346 2437 2437 2503 qui
2484 2438 2675 2489 misisti
2714 2439 2833 2504 Spi-

745 2511 900 2560 ritum
928 2515 1171 2561 sanctum
1198 2512 1254 2561 in
1293 2512 1476 2577 specie
1500 2512 1645 2576 ignis
1683 2513 1739 2560 in
1778 2510 2048 2577 apostolos
2074 2515 2211 2572 tuos,
2251 2511 2548 2561 transmitte
2576 2511 2832 2576 Spiritum

742 2587 985 2633 sanctum
1027 2583 1408 2635 consolationis
1451 2590 1543 2634 tue
1568 2585 1623 2633 in
1651 2599 1709 2634 os
1749 2599 1941 2646 meum,
1980 2588 2039 2634 ut
2074 2584 2273 2649 possim
2311 2582 2590 2634 consilium
2623 2590 2828 2633 rectum

741 2655 950 2706 mittere
978 2653 1280 2707 hominibus
1306 2656 1441 2715 istis,
1481 2657 1574 2721 qui
1610 2661 1870 2707 venerunt
1895 2658 1949 2705 in
1974 2661 2066 2707 tuo
2104 2656 2317 2706 nomine
2343 2655 2415 2705 ad
2442 2657 2560 2708 me'.
2620 2656 2830 2706 Eadem

741 2726 872 2777 hora
908 2728 1022 2777 vise
1062 2733 1185 2779 sunt
1215 2730 1267 2779 ei
1302 2733 1411 2779 tres
1448 2743 1675 2794 persone
1714 2728 2036 2794 spirituales,
2076 2744 2296 2794 quarum
2320 2743 2429 2779 una
2454 2734 2567 2779 erat
2603 2729 2827 2779 archan·

742 2797 854 2863 geli
909 2799 1211 2863 Michaelis,
1268 2800 1506 2851 secunda
1566 2800 1819 2852 Iohannis
1874 2802 2123 2866 baptiste,
2179 2802 2338 2851 tertia
2388 2801 2618 2869 apostoli
2664 2802 2827 2852 Petri.

742 2871 892 2920 Tunc
929 2886 1036 2920 una
1074 2888 1138 2921 ex
1174 2872 1283 2923 illis
1323 2873 1456 2923 dixit
1491 2872 1564 2922 ad
1601 2871 1923 2923 solitarium:
1963 2874 2087 2923 ‘Dic
2116 2873 2423 2939 imperatori
2462 2873 2827 2937 Constantino,

740 2941 904 2993 talem
941 2957 1052 2992 rem
1089 2944 1310 2994 habenti
1346 2946 1401 2994 in
1442 2944 1605 2995 corde
1643 2960 1738 2995 suo
1779 2944 2116 3011 dispositam:
2156 2946 2412 2996 “Domini
2448 2946 2694 2997 voluntas
2731 2947 2828 2997 ad·

744 3014 853 3064 huc
891 3029 998 3064 non
1038 3020 1133 3065 est.
1211 3017 1355 3067 Gens
1393 3017 1886 3082 Langobardorum,
1939 3019 2030 3084 qui
2066 3019 2123 3067 in
2160 3018 2324 3069 Italia
2360 3018 2620 3082 habitant,
2670 3035 2826 3085 supe-

741 3087 847 3137 rari
886 3087 1044 3137 modo
1086 3088 1154 3137 ab
1187 3087 1368 3154 aliquo
1407 3104 1513 3139 non
1551 3095 1746 3155 potest,
1798 3092 1925 3156 quia
1961 3091 2149 3155 regina
2188 3090 2416 3157 quedam
2458 3107 2524 3142 ex
2560 3091 2670 3141 alia
2707 3108 2826 3157 pro·

740 3159 921 3210 vincia
976 3161 1198 3211 veniens
1257 3161 1536 3211 basilicam
1591 3164 1646 3211 in
1703 3163 1903 3214 honore
1956 3164 2177 3214 Domini
2235 3168 2289 3213 et
2344 3164 2517 3214 sancti
2571 3164 2826 3216 Iohannis

739 3232 972 3298 baptiste
1000 3234 1293 3284 construxit
1328 3235 1385 3284 in
1410 3235 1885 3299 Langobardorum
1923 3234 2132 3301 finibus,
2174 3241 2229 3286 et
2265 3237 2472 3287 ornavit
2498 3251 2616 3286 eam
2653 3235 2824 3287 facul-

741 3304 941 3356 tatibus
980 3304 1317 3370 honorificis;
1369 3307 1557 3357 famuli
1596 3313 1650 3359 et
1691 3307 1888 3358 famule
1929 3314 1983 3359 et
2031 3308 2241 3374 reliqua
2289 3309 2391 3360 sibi
2427 3309 2671 3359 subiecta
2707 3314 2831 3361 sunt

734 3378 830 3440 ibi,
889 3382 943 3428 et
997 3379 1305 3430 sacerdotes
1363 3380 1420 3429 in
1468 3381 1586 3446 ipso
1645 3381 1861 3432 oraculo
1911 3381 2143 3431 Domino
2194 3379 2426 3431 fideliter
2473 3383 2727 3444 serviunt,
2775 3386 2829 3433 et

733 3456 952 3518 propter
987 3450 1092 3502 hoc
1130 3453 1247 3518 ipse
1291 3458 1508 3504 sanetus
1547 3453 1817 3504 Iohannes
1855 3469 1949 3519 pro
1987 3453 2462 3518 Langobardorum
2496 3459 2658 3518 gente
2699 3469 2825 3505 con·

736 3524 888 3574 tinuo
939 3524 1246 3575 intercedit.
1333 3526 1462 3591 Ipsa
1516 3542 1644 3577 vero
1695 3541 1829 3592 gens
1879 3525 2192 3593 suppliciter
2239 3542 2306 3576 ac
2358 3526 2699 3577 devotissime
2753 3527 2823 3577 de

588 3645 634 3699 a)
669 3649 904 3697 multaque
933 3647 977 3688 A
995 3651 1036 3701 ι,
1066 3661 1180 3691 corr.
1214 3651 1450 3700 multoque
1470 3650 1512 3692 G
1530 3653 1570 3692 1.
1592 3653 1641 3701 2;
1674 3652 1898 3700 multique
1931 3648 1989 3704 (ἲ)
2021 3662 2135 3692 corr.
2169 3652 2516 3701 multoquel'l.
2635 3650 2683 3704 b)
2715 3662 2819 3703 rep·

589 3706 780 3755 pedaret
823 3707 860 3744 F
894 3707 935 3747 1.
1085 3706 1127 3759 c)
1159 3708 1286 3748 ribus
1332 3709 1369 3748 F
1403 3711 1444 3750 1.
1494 3708 1536 3750 G
1570 3712 1609 3750 1.
1644 3711 1693 3759 23
1755 3711 1933 3750 rivulus
1980 3711 2015 3749 1⁸¹
2050 3711 2098 3759 23
2160 3720 2331 3749 erasum
2379 3709 2419 3751 G
2449 3711 2506 3759 43
2564 3711 2676 3750 deese
2720 3711 2743 3751 1
2777 3713 2820 3753 8.

591 3760 638 3814 d)
667 3763 856 3803 milibus
888 3764 910 3802 1
943 3764 998 3814 ὃς
1051 3767 1190 3806 civitu
1232 3766 1524 3822 lemoenibus
1557 3766 1597 3808 G
1630 3769 1679 3819 33
1727 3769 1911 3809 civitate
1955 3768 2193 3808 liminibus
2224 3768 2265 3808 A
2296 3766 2369 3818 ‘23
2415 3767 2510 3809 Ast·
2544 3768 2684 3809 distat
2714 3770 2824 3810 civi·

587 3824 731 3862 tatum
778 3821 1036 3862 lemonibus
1081 3823 1124 3862 A
1155 3824 1207 3873 83
1252 3826 1437 3867 ostensi
1482 3827 1669 3866 civitate
1715 3826 1957 3869 moenibus
1990 3826 2025 3867 0
2060 3828 2108 3875 13
2156 3827 2344 3868 civitate
2374 3826 2483 3868 lem.
2516 3825 2551 3867 G
2581 3823 2655 3877 ‘13
2707 3829 2817 3868 eivi-

587 3881 696 3921 tatis
724 3880 947 3920 limitibus
977 3891 1091 3920 corr.
1123 3882 1160 3921 F
1192 3883 1231 3921 1.
1351 3881 1394 3933 e)
1429 3893 1617 3924 manum
1646 3885 1684 3924 F
1717 3885 1757 3925 1.
1792 3905 1843 3915 -
1880 3885 2060 3934 eripere
2089 3886 2127 3925 Β
2166 3887 2207 3924 1.
2342 3883 2380 3936 f)
2414 3885 2821 3936 Constantinopoli

587 3936 628 3977 A
661 3938 702 3980 8.
738 3959 791 3969 -
825 3947 1006 3986 gressus
1036 3938 1079 3977 A
1112 3940 1150 3979 2.
1272 3938 1318 3992 g)
1351 3952 1435 3991 per
1473 3963 1519 3972 —
1550 3945 1865 3991 transgressus
1894 3942 1985 3982 alia
2014 3953 2147 3982 manu
2177 3942 2318 3993 suppl.
2352 3942 2392 3984 G
2416 3943 2459 3985 4.
2580 3941 2629 3995 h)
2660 3944 2821 3984 litoris

586 3998 629 4037 A
661 3998 703 4038 2.
732 3997 770 4036 Β
806 3997 855 4045 1;
885 3997 1043 4037 littora
1074 3996 1110 4038 Ο
1142 3997 1190 4047 2;
1221 3998 1430 4039 litoraria
1461 4000 1510 4039 G.
1544 4000 1682 4050 Neap.
1817 3998 1852 4052 i)
1885 4000 2106 4041 Atthenas
2137 4001 2174 4040 F
2210 4004 2264 4044 1.-
2384 3998 2432 4051 k)
2466 4001 2682 4042 dicebant
2713 4003 2757 4044 G
2790 4005 2813 4042 1

586 4066 609 4095 e
636 4066 750 4096 corr.
786 4055 826 4094 2.
944 4053 980 4107 l)
1014 4055 1189 4096 sissitas
1220 4056 1257 4095 F
1290 4059 1339 4106 13
1370 4059 1662 4099 sesciscitans
1696 4058 1737 4099 G
1770 4061 1807 4098 1.
1942 4057 2005 4111 m)
2037 4060 2222 4100 Italiam
2255 4059 2296 4100 G
2328 4059 2369 4101 8.
2491 4057 2541 4110 n)
2573 4065 2819 4111 superaret

584 4113 623 4153 F
653 4115 706 4165 13
737 4124 774 4153 s.
807 4123 861 4152 ae
892 4113 1045 4154 delere
1077 4117 1124 4154 et
1153 4124 1196 4157 o.
1226 4125 1306 4155 eos
1337 4127 1382 4165 p.
1414 4116 1451 4155 F
1483 4118 1526 4156 2.
1648 4115 1693 4169 ο)
1725 4128 1813 4168 per
1842 4116 1883 4157 A
1916 4117 1955 4158 2.
2076 4117 2125 4169 p)
2157 4118 2280 4158 facta
2308 4118 2344 4157 Ε
2379 4119 2418 4159 1.

590 4239 643 4308 1)
682 4244 843 4294 Venit
881 4245 1258 4297 Constantinus
1297 4252 1552 4312 augustus
1594 4247 1660 4297 de
1712 4250 1862 4313 regia
1898 4249 2031 4299 urbe
2068 4264 2163 4315 per
2210 4248 2443 4300 litoralia
2479 4249 2533 4298 in
2574 4249 2815 4301 Athenas

585 4319 640 4364 et
678 4315 869 4366 exinde
906 4316 1157 4368 Taranto.
1201 4318 1265 4370 G.
1298 4327 1447 4384 pont.
1501 4319 1661 4372 Vitat.
