3042 4909
473 426 696 482 PAULI
734 429 1085 482 HISTORIA
1121 429 1793 482 LANGOBARDORUM.
1868 430 2011 482 LIB.
2048 431 2144 482 IV.
2353 432 2454 482 169

221 592 289 656 in
341 591 485 658 loco
537 604 600 660 et
648 594 885 661 multae
949 596 1385 683 possessiones
1443 617 1483 659 a
1534 594 1798 679 singulis
1860 597 2258 684 principibus
2322 598 2457 664 sive

219 675 663 825 Langolssardis
704 677 969 765 largitae
1000 689 1166 762 sunt,
1211 688 1273 744 et
1307 701 1544 766 magna
1585 679 1677 744 ibi
1719 680 1889 744 facta
1917 689 2016 746 est
2044 683 2455 767 congregatio

217 781 448 826 monac
497 783 700 827 orum.

387 846 491 910 42.
511 855 538 887 ἃ
651 845 860 931 Igitur
943 846 1212 910 Arioald
1296 855 1639 933 postquam
1731 869 1927 932 super
1997 846 2456 933 Langobardos
2476 866 2570 921 (44)

222 925 563 993 duodecim
627 930 844 994 annis¹
912 952 1182 1016 regnum
1235 930 1453 1012 tenuit,
1512 930 1593 996 ab
1663 928 1784 994 hac
1846 931 1989 996 luce
2048 932 2455 998 subtractusb

215 1018 341 1093 est3
385 1011 999 1097 Langobardorum⁰
1025 1034 1298 1099 regnum
1324 1012 1630 1078 Rothari‘¹
1658 1036 1889 1114 genere
1918 1013 2172 1079 Arodus
2189 1024 2215 1058 θ
2246 1008 2600 1082 susce-⁶⁸⁰·'

219 1094 335 1181 pit.
420 1097 575 1161 Fuit
615 1106 827 1163 autem
876 1096 1123 1163 viribus
1166 1097 1346 1162 fortis
1387 1105 1450 1162 et
1491 1097 1769 1164 iustitlae
1813 1098 2131 1164 tramitem
2160 1122 2451 1185 sequens,

221 1177 338 1244 sed
379 1188 594 1244 tamen
637 1180 788 1246 fidei
831 1181 1211 1247 christianae
1252 1202 1384 1246 non
1431 1191 1673 1247 rectam
1714 1181 1947 1247 lineam
1988 1191 2229 1266 tenens,
2281 1184 2458 1249 Arri-

220 1284 382 1327 anae
459 1263 752 1330 hereseos
814 1264 1086 1351 perfidia
1147 1263 1504 1331 maculatus
1570 1276 1683 1330 est.
1801 1265 2136 1352 Siquidem
2200 1266 2456 1331 Arriani

220 1348 533 1413 minorem
566 1348 779 1414 Patris
831 1349 1088 1431 Filium,
1143 1349 1452 1435 Spiritum
1537 1370 1749 1436 uoque
1801 1359 2092 1414 sanctum
2143 1351 2448 1416 minorem

218 1430 431 1496 Patris
459 1440 522 1497 et
548 1430 714 1497 Filio
744 1433 827 1497 ad
877 1455 1059 1498 suam
1136 1433 1438 1497 erniciem
1524 1442 1729 1515 1cunt3
1773 1455 1891 1498 nos
1920 1442 2134 1499 autem
2164 1434 2457 1500 catholici

218 1516 478 1580 Patrem
535 1525 599 1580 et
648 1515 886 1581 Filium
945 1526 1009 1582 et
1115 1516 1380 1604 piritum
1438 1525 1729 1581 sanctum
1787 1518 1856 1580 in
1909 1514 2112 1582 tribus
2170 1519 2456 1604 personis

219 1621 423 1663 unum
492 1610 556 1665 et
618 1622 844 1665 verum
901 1602 1118 1665 Deum
1182 1622 1257 1664 ae
1306 1599 1437 1664 uali
1500 1601 1785 1687 potentia
1849 1600 2200 1688 eademque
2256 1600 2459 1700 gloria

217 1682 615 1748 confitemur.
722 1684 935 1749 Huius
992 1685 1263 1770 tempori
1310 1707 1386 1749 us
1449 1706 1613 1770 pene
1671 1695 1827 1770 per&
1886 1705 2106 1749 omnes
2171 1685 2458 1750 civitates

216 1767 445 1852 regnih
511 1768 646 1832 eius
701 1767 830 1832 duo
890 1769 1175 1855 episcopi
1233 1776 1430 1848 erant,
1496 1789 1661 1832 unus
1714 1767 2066 1833 catholicus
2123 1770 2218 1833 et¹
2299 1767 2458 1833 alter

216 1848 553 1916 Arrianus.
637 1852 714 1916 In
773 1852 1032 1918 civitate
1089 1873 1345 1939 quoque
1387 1851 1713 1917 Ticinensi
1766 1874 1969 1938 usque
2022 1874 2193 1917 nunc
2251 1863 2456 1918 osten-

220 1934 424 2018 ditur,
480 1934 595 2000 ubi
636 1935 949 2001 Arrianus
994 1959 1027 2001 e
1076 1936 1335 2021 iscopus
1378 1937 1578 2021 aputk
1614 1934 1904 2000 basilica¹
1950 1936 2154 2000 sancti
2193 1934 2457 2001 Eusebii

216 2016 505 2084 residens
532 2019 980 2105 baptisterium
1067 2020 1266 2100 abuit,
1311 2041 1460 2084 cum
1504 2029 1718 2084 tamen
1759 2017 2065 2084 ecclesiae
2110 2018 2454 2086 catholicae

215 2100 380 2167 alius
439 2103 780 2189 episcopus
830 2102 1152 2169 resideret.
1239 2103 1368 2184 Qui
1423 2111 1640 2167 tamen
1681 2100 1991 2166 Arrianus
2044 2103 2255 2189 episco
2302 2126 2379 2168 us
2393 2116 2454 2186 ¹¹¹,

219 2186 334 2271 qui
382 2187 451 2250 in
493 2187 717 2253 eadem
777 2186 1032 2252 civitate
1052 2198 1080 2229 ¹¹
1137 2185 1276 2268 fuit,
1333 2184 1715 2252 Anastasius
1769 2187 2055 2269 nomine,
2114 2185 2199 2249 ad
2309 2186 2453 2251 dem

219 2268 599 2335 catholicam
642 2292 988 2335 conversus
1004 2282 1052 2353 ⁰,
1099 2269 1337 2335 Christi
1420 2279 1596 2335 ostea
1640 2268 2019 2333 ecclesiam!³
2051 2271 2236 2334 rexit.
2323 2269 2451 2334 Hic

218 2352 530 2418 Rothari‘l
587 2376 705 2419 rex
750 2353 1328 2440 Langobardorum
1409 2375 1587 2439 eges,
1649 2364 1844 2438 quas‘
1900 2351 2036 2417 sola
2105 2354 2448 2418 memoria⁸

217 2445 286 2502 et
326 2459 447 2502 usu
489 2438 845 2504 retinebant
860 2442 897 2521 ⁶,
957 2437 1338 2536 scriptorum
1390 2438 1552 2502 serie
1598 2436 1939 2523 conposuit
1993 2437 2446 2523 codicemque¹¹
2471 2444 2570 2484 ⁶⁴⁸·

213 2522 239 2584 i
290 2541 430 2585 sum
475 2522 754 2587 edictum
784 2519 1093 2608 appellar1
1134 2521 1480 2608 praecepit.
1567 2519 1727 2584 Erat
1768 2528 1980 2585 autem
2021 2521 2150 2584 iam
2195 2543 2278 2585 ex
2322 2542 2449 2606 quo
2468 2503 2585 2545 Νῦν·

276 2603 630 2690 angobardi
680 2607 745 2669 in
790 2604 1042 2671 Italiam
1091 2613 1397 2670 venerant
1444 2625 1649 2668 annus
1702 2604 2210 2690 septuagesimus
2261 2605 2452 2690 septi-

214 2710 360 2752 mus
382 2700 425 2769 ⁸,
488 2692 656 2754 sicut
719 2687 890 2754 idem
954 2711 1073 2754 rex
1136 2691 1205 2754 in
1269 2689 1369 2753 sui
1434 2688 1628 2753 edicti
1678 2695 1943 2752 testatus
2009 2698 2106 2754 est
2167 2686 2451 2774 prologo.

212 2769 368 2835 Adv
413 2772 584 2837 hunc
624 2794 842 2859 regem
873 2772 1128 2837 Arichis
1158 2772 1293 2836 dux
1326 2771 1677 2837 Beneventi
1720 2769 1921 2834 filium
1965 2793 2152 2836 suum
2180 2772 2452 2837 Aionem
2476 2792 2570 2850 (45)

212 2855 473 2925 direxit.
557 2856 685 2938 Qui
717 2878 863 2920 cum
893 2857 1307 2922 Ravennamw
1352 2858 1651 2938 venisset,
1695 2855 1992 2920 Ticinum
2025 2877 2319 2941 pergens,
2363 2854 2454 2920 ibi

215 2939 315 3006 ei¹
337 2940 774 3005 Romanorum
805 2939 1049 3005 malitia
1088 2939 1232 3005 talis
1276 2941 1454 3027 potio
1501 2940 1651 3005 data
1694 2948 1809 3022 est,
1855 2960 2018 3025 quae
2062 2962 2210 3006 eum
2242 2948 2453 3004 mente

215 3024 530 3089 excedere
595 3023 857 3105 faceret3
935 3033 1127 3111 atque
1195 3046 1279 3089 ex
1359 3046 1433 3090 eo
1500 3034 1788 3110 tempore
1870 3045 2218 3110 numquam
2281 3022 2455 3110 pleni

206 3109 477 3193 sanique
519 3119 788 3172 sensusY
832 3107 973 3173 fuit.

383 3190 525 3254 43.z
612 3191 820 3277 Igitur
873 3213 1022 3256 cum
1066 3191 1202 3255 dux
1259 3189 1544 3267 Arichis,
1603 3190 1791 3254 huius
1846 3186 1927 3254 de
1982 3211 2109 3276 quo
2170 3191 2451 3256 diximus

212 3284 417 3362 pater,
470 3275 600 3338 iam
652 3283 939 3339 maturus
997 3277 1181 3339 annis
1225 3274 1307 3339 ad
1375 3275 1548 3340 diem
1598 3273 1895 3338 ultimum
1943 3295 2057 3359 pro
2108 3275 2451 3359 inquasset,

212 3359 421 3424 sciens
461 3356 661 3422 filium
708 3380 897 3423 suum
927 3358 1202 3424 Aionem
1237 3380 1365 3423 non
1408 3357 1568 3422 recti
1596 3379 1734 3422 esse
1765 3377 2008 3439 sensus,
2110 3356 2454 3421 adoaldum

214 3520 264 3574 a)
297 3522 373 3561 hoe
402 3532 497 3571 cap.
531 3532 610 3561 om.
646 3521 681 3562 Α
717 3517 779 3564 ’4.
901 3519 949 3573 b)
983 3522 1261 3561 substractus
1295 3520 1335 3561 A
1369 3520 1408 3559 2.
1439 3521 1529 3561 ΡΙ.
1654 3517 1695 3570 c)
1728 3519 1876 3567 Lang.
1912 3539 1963 3549 -
1998 3519 2200 3569 suscepit.
2229 3518 2314 3559 dee.
2348 3518 2452 3558 D2.

216 3580 264 3634 d)
293 3580 472 3621 Rottart
520 3579 562 3621 G
595 3580 644 3630 ὃς
688 3580 901 3621 Rotharit
928 3582 971 3620 D
1003 3580 1029 3620 8
1076 3589 1263 3629 sempev-3
1307 3578 1366 3628 cf.
1407 3589 1546 3629 supra
1570 3589 1618 3629 p.
1656 3579 1742 3617 144
1769 3588 1814 3621 n.
1846 3577 1890 3618 h.
2042 3578 2086 3627 e)
2119 3577 2274 3617 Rodus
2309 3575 2350 3618 G
2381 3576 2452 3617 50.

214 3641 239 3681 1
273 3639 325 3689 85
357 3639 553 3679 Aroehts
583 3638 624 3679 A
656 3635 719 3680 ⁸⁸.
870 3636 907 3690 f)
938 3643 1069 3689 patre
1101 3637 1143 3678 A
1174 3638 1215 3679 ὅ.
1265 3638 1303 3677 Β
1338 3639 1407 3678 18.
1461 3637 1496 3678 0
1529 3636 1572 3678 ὅ.
1620 3637 1662 3676 D
1697 3637 1738 3678 2.
1773 3636 1813 3679 8.
1843 3636 1880 3675 F
1912 3632 1974 3675 ’2.
2009 3635 2050 3678 G
2082 3635 2164 3686 ὕας
2194 3635 2365 3676 Pinum
2403 3657 2453 3666 —

212 3698 345 3740 Patri
375 3698 461 3738 des.
493 3699 531 3738 A
566 3698 606 3739 2.
725 3695 771 3748 g)
804 3698 914 3737 dem
944 3698 981 3737 F
1015 3698 1055 3738 1.
1160 3694 1209 3748 h)
1244 3696 1423 3744 regioni
1452 3695 1492 3736 A
1525 3697 1567 3737 2.
1670 3694 1704 3746 i)
1739 3706 1781 3736 a.
1826 3696 1981 3735 autem
2010 3695 2048 3734 B
2084 3695 2126 3735 1.
2261 3693 2312 3746 k)
2344 3697 2456 3744 aput.

218 3780 271 3790 —
304 3757 549 3807 episcopus
578 3757 664 3797 deo.
693 3757 730 3797 Ρ
765 3759 786 3796 1
822 3756 935 3809 (poet
966 3754 1145 3808 suppa).
1264 3752 1300 3807 1)
1330 3754 1395 3794 tea
1427 3754 1467 3795 A
1501 3758 1523 3795 1
1559 3750 1831 3807 (bassilica).
1867 3754 1904 3794 2.
1936 3753 1978 3792 D
2013 3755 2052 3794 1.
2177 3750 2239 3803 m)
2273 3754 2383 3793 decet
2400 3752 2453 3796 G.

213 3814 267 3869 n)
298 3816 409 3855 deest
438 3814 491 3860 P.
526 3813 597 3866 G3
643 3815 876 3856 civitatem
907 3815 948 3854 A
982 3817 1022 3858 2.
1159 3811 1205 3866 o)
1240 3825 1279 3857 o.
1313 3816 1383 3854 est
1410 3815 1448 3854 B
1485 3815 1526 3855 1.
1658 3812 1707 3865 p)
1738 3812 1937 3854 ecclesia
1965 3812 2002 3851 P
2037 3814 2077 3854 1.
2199 3810 2248 3865 q)
2280 3812 2454 3854 Recht-

214 3875 314 3915 rius
347 3874 389 3913 D
425 3874 463 3915 Β.
616 3872 655 3925 r)
690 3884 783 3924 qua
813 3875 914 3914 sola
956 3873 997 3914 A
1032 3876 1072 3915 1.
1105 3875 1143 3914 B
1178 3876 1219 3915 1.
1251 3874 1288 3912 F
1323 3874 1361 3914 1.
1395 3872 1436 3913 G
1471 3875 1509 3915 1.
1662 3872 1701 3924 s)
1736 3882 1795 3913 m.
1844 3871 1943 3912 elus
1991 3881 2029 3910 r.
2064 3871 2099 3913 O
2130 3868 2194 3911 ’1.
2234 3872 2271 3913 1.
2307 3873 2358 3922 83
2390 3881 2450 3911 m.

215 3934 318 3975 eius
350 3936 398 3973 et
425 3943 511 3973 usu
545 3943 579 3972 ι·.
610 3932 634 3973 1
668 3933 707 3975 1.
830 3930 866 3985 t)
900 3933 1129 3974 retinebat
1159 3932 1199 3973 A
1233 3933 1276 3973 1.
1309 3932 1359 3971 F.
1394 3930 1449 3984 G,
1481 3936 1519 3972 οε
1551 3942 1573 3971 ο
1602 3941 1716 3972 corr.
1747 3932 1790 3971 D
1811 3931 1851 3970 1.
1986 3927 2034 3982 u)
2066 3930 2318 3978 codioeque
2352 3928 2393 3971 G
2412 3931 2451 3969 1.

213 3989 264 4044 v)
296 4002 454 4031 novum
484 4001 578 4041 cap.
610 3992 695 4032 inc.
724 3990 767 4031 A
798 3991 839 4032 8.
873 3994 916 4032 D
952 3995 989 4033 1.
1021 3989 1112 4033 Ἔα.
1144 3991 1211 4042 Ρς
1255 3991 1449 4042 prologo
1480 4000 1631 4032 suum.
1663 3994 1784 4030 xtu.
1815 3988 1886 4028 Ad
1917 3989 2007 4030 huc
2039 3998 2196 4037 regem
2227 3986 2306 4028 Ar.
2337 3990 2454 4030 Ben.

215 4048 417 4091 Aionem
450 4049 508 4100 (1.,
534 4056 635 4100 pose
665 4050 765 4093 aad.
799 4051 893 4091 dux
924 4050 1069 4091 fllium
1101 4060 1234 4090 suum
1264 4049 1302 4089 F
1321 4050 1370 4100 13
1402 4048 1547 4091 Suum
1579 4059 1762 4100 quoque
1793 4048 1939 4089 fllium
1971 4048 2030 4088 ad
2060 4048 2105 4087 h.
2139 4057 2178 4087 r.
2211 4046 2266 4087 A.
2293 4047 2350 4089 B.
2384 4046 2453 4098 (ις

214 4108 274 4152 A.
306 4108 349 4150 d.
381 4108 419 4148 1³·
451 4108 494 4150 4.
531 4108 600 4159 ἃς
632 4108 788 4158 Artgis
821 4108 861 4150 G
896 4111 936 4154 1.
1084 4106 1145 4161 w)
1177 4108 1402 4149 Ravenna
1447 4109 1485 4149 F
1519 4110 1560 4150 1.
1726 4105 1774 4158 x)
1807 4108 1918 4147 dem
1946 4106 1984 4146 P
2017 4106 2068 4156 ὃς
2114 4106 2158 4147 ei
2190 4115 2219 4145 a
2247 4106 2290 4145 D
2326 4106 2367 4147 1.
2399 4104 2453 4146 F.

218 4166 274 4211 G.
305 4168 330 4208 1
363 4169 404 4208 1.
440 4168 482 4208 11.
602 4166 652 4221 y)
682 4178 820 4209 sensu
853 4168 893 4209 A
927 4170 974 4220 ²3
1006 4168 1145 4218 pleno
1177 4177 1318 4208 sensu
1348 4165 1436 4208 mit
1467 4166 1518 4210 Ο.
1552 4167 1610 4208 D.
1734 4163 1777 4217 ι)
1808 4166 1886 4206 hoo
1915 4175 2008 4215 οαρ.
2040 4176 2120 4209 om.
2154 4163 2193 4204 A
2225 4160 2286 4205 ’4.

220 4297 279 4367 1)
321 4298 412 4352 Ita
448 4297 655 4351 Paulus
718 4315 834 4351 cum
888 4296 1115 4367 qenuim
1160 4296 1390 4366 Oriqinfa
1430 4306 1593 4352 tatu.
1781 4294 1840 4363 2)
1880 4312 2017 4348 anno
2057 4296 2451 4363 septuagesimo

215 4377 369 4425 sexto
407 4371 589 4424 Edicta·
626 4369 845 4423 codices.
885 4370 999 4437 LL,
1039 4370 1142 4436 IV,
1172 4389 1235 4438 p.
1278 4373 1328 4426 1.
