3042 4909
549 392 651 441 162
854 389 1083 453 PAULI
1123 388 1475 442 HISTORIA
1513 388 2187 442 LANGOBARDORUM.
2262 390 2407 442 LIB.
2445 391 2542 443 IV.

551 566 747 638 erant,
790 556 913 620 hoc
955 564 1051 620 est
1092 556 1159 618 in
1204 553 1557 619 Cormones
1573 564 1614 596 ⁶¹·
1634 567 1675 636 ¹,
1727 554 2024 638 Nemasb,
2069 555 2286 642 Osopo
2306 568 2351 639 ⁰,
2393 555 2660 623 Artenia
2674 557 2780 640 (Μ,

549 641 853 723 Reunia0,
914 637 1226 704 Glemona
1243 637 1264 680 ¹*
1334 639 1439 703 vel
1495 638 1687 703 etiam
1739 639 1807 702 in
1849 637 2120 724 Ibligine
2137 651 2252 723 Μ,
2310 641 2493 704 cuius
2548 640 2780 726 positio

551 724 807 789 omnino
884 723 1038 786 inex
1083 686 1402 807 ugnassilis
1469 721 1743 787 existith.
1838 722 1990 786 Pari
2065 724 2258 787 etiam
2322 724 2512 789 modo
2592 732 2657 789 et
2716 725 2785 787 in

549 807 810 893 reliquis
875 814 1047 871 caste
1097 807 1174 888 ‘s,
1247 828 1328 870 ne
1390 805 1678 887 Hunnis,
1752 803 1876 870 hoc
1953 816 2050 871 est
2108 804 2462 890 Avaribus,
2590 807 2784 871 raeda

549 892 801 973 fierent,
864 912 933 955 se
986 890 1473 954 communivere.
1581 891 1826 952 Avares
1889 911 2041 955 vero
2083 912 2199 976 per
2257 912 2476 956 omnes
2577 892 2783 955 oroiu-

548 973 840 1039 lanorum
923 973 1082 1037 fines
1167 974 1595 1038 discurrentes
1608 1020 1625 1053 ,
1718 973 1931 1037 omnia
2001 973 2313 1039 incendiis
2402 982 2467 1038 et
2542 975 2784 1061 rapinis

549 1067 892 1141 vastanteS,
933 1055 1429 1122 Foroiulanumi
1476 1055 1787 1142 oppidum
1819 1054 2149 1123 obsidione
2187 1056 2489 1123 claudunt
2531 1068 2595 1123 et
2634 1059 2784 1123 totis

549 1141 795 1207 viribus
838 1161 1209 1228 expugnare
1249 1138 1616 1204 moliuntur.
1703 1140 1954 1203 Horum
2009 1162 2126 1204 rex
2137 1187 2155 1223 ,
2212 1142 2279 1206 id
2336 1152 2433 1207 est
2492 1163 2782 1224 cacanus,

552 1226 705 1291 dum
758 1226 931 1290 circa
996 1246 1213 1288 muros
1271 1233 1552 1288 armatus
1609 1245 1758 1287 cum
1814 1244 2047 1321 magno
2105 1226 2392 1310 equitatu
2447 1223 2784 1312 perambu-

550 1308 709 1374 laret
718 1310 769 1391 k,
821 1318 911 1390 ut,
973 1329 1098 1395 qua
1140 1330 1223 1372 ex
1263 1315 1446 1393 parte
1501 1304 1730 1371 urbem
1782 1305 2030 1373 facibus
2088 1330 2461 1395 expugnare
2517 1309 2787 1395 posset¹,

551 1393 918 1477 inquireret,
956 1390 1125 1455 hunc
1152 1389 1448 1454 Romilda
1485 1390 1565 1454 de
1605 1391 1803 1454 muris
1844 1391 2259 1477 prospiciens,
2299 1413 2446 1456 cum
2476 1414 2625 1455 cum
2656 1413 2786 1457 cer-

552 1486 731 1540 neret
757 1473 1067 1538 iuvenili¹¹¹
1097 1482 1303 1538 aetate
1332 1472 1683 1557 florentem,
1727 1475 2030 1539 meretrix
2071 1475 2310 1540 nefaria
2355 1475 2722 1562 concupivit
2737 1487 2786 1557 ¹¹,

554 1560 782 1645 eique⁰
841 1578 996 1622 mox
1049 1580 1165 1643 per
1216 1557 1510 1621 nuntium
1566 1555 1923 1639 mandavit,
1979 1568 2082 1640 ut,
2149 1560 2202 1622 si
2255 1582 2394 1623 eam
2451 1560 2519 1622 in
2572 1559 2788 1623 matri-

554 1643 840 1707 monium
897 1651 1191 1724 sumeret,
1247 1641 1391 1726 ipsa
1453 1641 1660 1706 cidem
1720 1640 2039 1706 civitatem
2105 1664 2251 1706 cum
2317 1643 2612 1709 omnibus
2678 1643 2788 1729 qui

553 1725 818 1794 aderant
844 1724 1140 1789 traderet.
1227 1724 1417 1804 Quod
1452 1746 1571 1788 rex
1601 1724 1909 1790 barbarus
1938 1724 2223 1808 audiens„
2255 1726 2463 1791 eidem
2501 1726 2792 1811 maligni-

553 1810 702 1874 tatis
731 1807 878 1872 dolo
923 1807 1098 1894 quod
1141 1806 1558 1873 mandaverat
1607 1831 1675 1872 se
1717 1807 2033 1872 facturum
2077 1810 2370 1896 promisit
2410 1832 2678 1896 eamque
2721 1832 2790 1874 se

553 1894 623 1957 in
663 1892 1138 1956 matrimonium
1159 1902 1187 1944 ¹²
1230 1892 1525 1976 accipere
1554 1892 1913 1978 spopondit.
1998 1891 2115 1957 Illa
2154 1915 2310 1958 vero
2339 1893 2499 1957 nihil
2525 1901 2792 1975 morata,

554 1986 770 2063 portas
799 1974 1230 2040 Foroiulensis
1274 1976 1465 2040 castri
1504 1976 1759 2061 aperuit
1800 1985 1865 2040 et
1902 1975 1984 2039 ad
2033 1998 2214 2041 suam
2232 1990 2262 2032 ‘1
2292 1986 2792 2064 cunctorumque

601 2061 670 2124 ui
716 2058 981 2124 aderant
1040 2059 1387 2145 perniciem
1447 2058 1695 2123 hostem
1712 2071 1735 2102 ¹·
1799 2060 2172 2126 introduxit.
2290 2061 2573 2147 Ingressi
2634 2082 2791 2125 vero

555 2082 801 2209 Rvares
844 2165 988 2206 cum
1032 2165 1183 2227 rege
1243 2163 1358 2207 suo
1401 2142 1782 2207 Forumiulii
1797 2153 1840 2225 ⁸,
1901 2144 2198 2209 universa
2284 2165 2404 2209 uae
2471 2145 2755 2210 invenire
2772 2147 2791 2185 ²

555 2235 849 2313 poterant
874 2226 1115 2312 rapinis
1146 2226 1526 2312 diripiunt¹¹;
1570 2227 1936 2313 ipsamquev
1967 2225 2194 2293 urbem
2277 2230 2505 2292 ammis
2535 2248 2792 2292 concre-

556 2319 832 2392 mantes,
904 2311 1234 2374 universos
1299 2331 1459 2396 quos
1524 2319 1989 2397 reppererantw
2044 2313 2328 2398 captivos
2392 2312 2721 2377 adducunt
2734 2324 2786 2393 ¹,

555 2393 860 2459 fallaciter
911 2402 1127 2458 tamen
1175 2394 1267 2458 eis
1308 2394 1770 2480 promittentes,
1829 2394 2004 2479 quod
2055 2417 2162 2459 eos
2180 2444 2196 2477 ,
2255 2395 2427 2460 unde
2474 2395 2792 2481 digressiY

556 2478 826 2559 fuerant,
865 2476 1233 2542 Pannoniae
1260 2478 1329 2546 in
1370 2477 1605 2542 finibus
1650 2476 2073 2542 conlocarent.
2161 2480 2289 2559 Qui
2334 2501 2481 2544 cum
2516 2481 2793 2566 patriam

556 2571 941 2628 revertentes
963 2559 1083 2625 adz
1115 2581 1413 2647 campum
1436 2571 1665 2646 quema
1689 2562 1959 2626 Sacrum
1979 2563 2311 2628 nominant
2377 2564 2788 2645 ervenissent,

560 2666 779 2710 omnes
811 2645 922 2729 qui
949 2644 1075 2708 iam
1119 2644 1228 2707 inb
1272 2645 1501 2708 maiori
1528 2654 1736 2709 aetate
1766 2646 2094 2711 constituti
2121 2656 2303 2712 erant
2327 2586 2791 2732 llangobardos
2871 2678 2880 2685 ·

557 2727 772 2813 gladio
814 2728 1126 2812 perimere
1167 2735 1467 2808 statuunt,
1518 2726 1814 2792 mulieres
1856 2749 2009 2794 vero
2053 2738 2118 2794 et
2166 2729 2468 2815 parvulos
2526 2731 2795 2816 captivi-

556 2811 706 2875 tatis
763 2817 931 2874 sorte
989 2808 1303 2878 dividunt.
1389 2811 1559 2874 Taso
1600 2832 1752 2876 vero
1796 2819 1861 2875 et
1903 2810 2115 2877 Cacco
2159 2835 2275 2878 seu
2313 2812 2625 2897 Raduald,
2676 2812 2796 2876 filii

561 2892 793 2958 Gisulfi
843 2902 908 2958 et
953 2891 1305 2976 Romildae,
1357 2916 1504 2957 cum
1556 2893 1723 2957 hanc
1772 2892 2133 2960 Avarorum
2190 2895 2499 2963 malitiam
2557 2919 2793 2996 cogno-

559 2977 824 3058 vissent,
881 2977 1094 3040 statim
1147 2977 1423 3041 ascensis
1485 2977 1668 3062 equis
1722 2976 1941 3064 fugam
2008 2982 2343 3066 arripiunt.
2438 2980 2497 3044 E
2555 2980 2792 3067 quibus

677 3165 924 3196 ormonans
954 3156 996 3196 A
1029 3157 1068 3196 6.
1216 3154 1266 3208 b)
1298 3157 1468 3198 Nemee
1500 3156 1543 3196 A
1575 3158 1626 3207 23
1671 3158 1871 3199 Nemas«)
1903 3158 1945 3200 G
1976 3158 2049 3202 δα.
2068 3171 2116 3209 c3
2147 3161 2307 3202 Menas
2337 3162 2380 3201 D
2413 3158 2505 3202 Ἔα.
2539 3162 2589 3211 33
2619 3162 2795 3204 nemas

662 3243 674 3254 .
708 3216 749 3255 2.
872 3212 915 3266 c)
947 3214 1124 3264 Ossopo
1158 3214 1199 3255 G
1231 3215 1273 3256 8.
1395 3214 1441 3267 d)
1473 3216 1677 3256 Arcenia
1706 3218 1743 3257 F
1763 3219 1816 3266 ις
1850 3217 2039 3259 Artena
2067 3219 2171 3260 D3.
2205 3220 2248 3260 4.
2280 3220 2318 3259 F
2349 3219 2392 3260 ὅ.
2426 3219 2468 3261 G
2499 3221 2551 3269 Ως
2582 3219 2796 3262 Artemis

725 3271 948 3314 Artennia
990 3274 1033 3313 D
1066 3275 1107 3326 2,
1152 3274 1227 3313 ubi
1270 3274 1453 3315 Reunia
1482 3276 1606 3314 deest.
1756 3274 1800 3327 e)
1832 3276 2011 3317 Reuma
2039 3276 2081 3316 A
2110 3278 2151 3319 8.
2187 3277 2229 3319 G
2258 3280 2302 3318 1.
2335 3280 2386 3328 Ως
2417 3279 2629 3320 Araunia
2671 3279 2713 3318 D
2749 3279 2794 3320 8.

671 3331 858 3372 lemene.
885 3333 928 3372 D
961 3333 1002 3374 2.
1137 3330 1184 3384 g)
1218 3344 1258 3374 e.
1293 3334 1519 3383 inbligine
1550 3334 1592 3373 D
1627 3334 1766 3383 1—43
1809 3344 1850 3376 e.
1881 3335 2081 3376 inibliue
2111 3335 2153 3375 A
2184 3337 2227 3380 4.
2260 3336 2302 3377 G
2332 3339 2414 3387 5⁸3
2458 3347 2499 3379 e.
2546 3338 2794 3387 mibligine

704 3392 728 3431 1
763 3392 814 3441 13
856 3401 897 3432 e.
931 3391 981 3431 in
1013 3391 1263 3440 ebliginem
1296 3391 1337 3433 G
1368 3393 1418 3442 33
1465 3403 1505 3435 e.
1539 3393 1589 3432 in
1619 3393 1827 3442 ebligine
1860 3392 1902 3434 G
1932 3394 1987 3445 Δις
2020 3394 2263 3443 unbligine
2293 3396 2331 3435 B
2367 3398 2436 3437 la.
2557 3394 2607 3448 h)
2640 3397 2798 3438 extitit

702 3450 740 3489 F
771 3449 834 3491 ·2.
868 3449 910 3491 G
940 3450 993 3500 83
1025 3451 1192 3491 existat
1219 3462 1332 3493 corr.
1367 3452 1527 3492 existit
1558 3452 1658 3493 (32.
1749 3449 1785 3503 i)
1817 3452 1868 3491 F.
1901 3452 2060 3502 itaque
2091 3464 2134 3495 o.
2166 3455 2205 3494 B
2227 3457 2267 3496 1.
2360 3451 2408 3504 k)
2444 3455 2660 3497 circuiret
2691 3456 2728 3495 B
2750 3457 2793 3497 1.

660 3509 774 3548 osolt
805 3508 846 3550 G
864 3511 905 3548 1.
925 3509 966 3549 8.
1103 3508 1166 3562 m)
1196 3511 1402 3550 iuvenali
1434 3509 1535 3551 G2.
1569 3511 1622 3560 85
1653 3509 1711 3559 qs.
1741 3520 1878 3559 supra
1901 3522 1949 3560 p.
1986 3510 2069 3552 135
2100 3522 2146 3553 n.
2180 3522 2224 3552 a.
2343 3511 2392 3564 n)
2427 3514 2581 3554 statim
2613 3524 2652 3554 c.
2685 3525 2797 3555 eum

850 3565 897 3619 ο)
958 3569 974 3607 i
1005 3577 1186 3617 quoque
1216 3570 1253 3608 F
1272 3571 1313 3609 2.
1348 3568 1389 3609 G
1425 3570 1553 3610 1—4.
1657 3566 1706 3619 p)
1736 3569 1947 3609 matrimo
1977 3571 2016 3610 Β
2037 3572 2088 3620 1;
2120 3571 2416 3612 matrimonio
2447 3572 2485 3611 B
2521 3574 2592 3615 la.
2626 3571 2721 3614 01.
2744 3575 2795 3617 8.

946 3626 1841 3668 2.3.—inA1haecavulcaeum.
1993 3626 2793 3680 q)euaF1.G1;asu008.

929 3714 940 3725 .
1031 3682 1071 3735 s)
1103 3685 1360 3727 Fommiuu
1389 3686 1431 3726 A
1462 3687 1504 3728 2.
1539 3687 1580 3727 3.
1613 3686 1650 3724 F
1684 3687 1724 3726 1.
1760 3685 1868 3735 G13
1899 3687 2107 3727 Foroiuli
2140 3687 2239 3729 (34.
2331 3686 2366 3740 t)
2395 3689 2664 3731 invenirent
2693 3690 2794 3730 ΡΙ.

917 3769 929 3781 .
961 3743 998 3782 F
1030 3744 1071 3783 1.
1106 3742 1148 3784 G
1181 3746 1221 3784 1.
1254 3746 1304 3794 23
1357 3744 1404 3783 in
1434 3745 1512 3783 hoc
1557 3744 1684 3784 verbo
1714 3744 1870 3784 desinit
1902 3744 1944 3786 G
1974 3746 2050 3787 bb.
2168 3744 2216 3797 v)
2248 3747 2443 3797 ipsaque
2473 3749 2511 3788 F
2545 3750 2594 3797 ις
2638 3749 2794 3798 ipsam

751 3828 762 3839 .
895 3797 1331 3850 w)a0mc·1.1.
1481 3798 2798 3857 x)2·eaA1.‘2.‘4.e.0⁸1.1.D1.1·21.F.G;

559 3856 794 3897 abducunt
820 3857 969 3907 οαονίς
1000 3858 1056 3906 qs.
1088 3870 1242 3909 mpra.
1332 3857 1381 3911 y)
1415 3861 1492 3901 die
1524 3861 1671 3910 gressi
1701 3860 1743 3900 A
1775 3862 1816 3904 2.
1923 3859 1966 3913 z)
2000 3866 2047 3903 et
2077 3863 2136 3903 ad
2164 3863 2206 3903 A
2238 3863 2282 3903 3.
2318 3862 2353 3905 C
2384 3867 2426 3905 1.
2461 3866 2504 3906 2.
2536 3865 2579 3904 D
2614 3867 2655 3906 1.
2690 3864 2735 3907 G
2770 3864 2799 3906 8

560 3927 581 3956 ο
610 3926 723 3955 corr.
755 3914 824 3956 50.
856 3916 879 3956 1
911 3918 952 3956 1.
1087 3915 1133 3969 a)
1171 3929 1216 3969 «Β
1247 3915 1374 3970 (que)
1406 3919 1448 3959 A
1481 3922 1521 3961 1.
1558 3921 1608 3969 83
1641 3929 1730 3968 que
1759 3918 1803 3959 A
1833 3916 1896 3960 ⁶2.
1927 3922 1966 3961 E
2000 3923 2043 3962 1.
2076 3920 2118 3962 G
2144 3921 2227 3971 δας
2259 3923 2383 3971 quod
2412 3924 2510 3966 ΡΙ.
2542 3922 2639 3964 Gl.
2673 3924 2716 3965 8.
2753 3924 2803 3966 4.

558 3974 604 4014 H
632 3974 709 4016 5⁸.
741 3974 764 4014 1
797 3975 838 4014 2.
961 3970 1010 4024 b)
1042 3974 1154 4015 auae
1184 3975 1226 4015 A
1257 3978 1301 4017 2.

556 3155 606 3734 aew30>00w2

626 3155 695 3723 ξψντνφῶὲμο

696 3568 755 3722 3⁸³1*

777 3622 854 3782 2222&

874 3624 925 3781 μφΦ

558 3738 608 3839 ωε.

633 3741 670 3838 '¹¹0-

666 3753 716 3829 'o

701 3742 772 3837 *s

561 4119 620 4188 1)
662 4122 909 4176 Gemens
923 4141 941 4186 ,·
981 4122 1155 4175 Nimis
1166 4118 1191 4186 ,·'
1229 4123 1422 4190 Ossopo
1464 4128 1539 4179 ad
1576 4126 1933 4195 Tayliamento
1957 4127 2207 4194 fluvium.
2359 4127 2420 4197 2)
2458 4127 2697 4199 Arteyna
2736 4128 2802 4182 in

562 4192 792 4257 Oen-nia,-
826 4196 1103 4264 Baqoqna,
1128 4196 1258 4249 villa
1276 4199 1563 4264 capitulari
1586 4199 1831 4253 ecclesiae
1859 4198 2182 4253 OEvidalemi
2210 4202 2519 4266 pen-tinem,-
2559 4202 2805 4254 Gemona

558 4263 616 4316 in
642 4267 928 4331 provincia
956 4268 1328 4339 Forojuliana.
1403 4272 1517 4324 BE.
1666 4270 1726 4339 3)
1762 4272 1916 4341 Iplis,
1963 4279 2153 4338 quarto
2192 4290 2228 4323 a
2268 4272 2506 4328 Oividale
2557 4275 2798 4328 miliario

555 4337 616 4388 in
652 4339 743 4389 via
780 4341 854 4392 ad
893 4339 1137 4393 C'ormom
1174 4345 1409 4398 ducente.
1490 4344 1569 4412 Cf.
1612 4342 1817 4409 G'luver,
1858 4345 1985 4397 Ital.
2026 4353 2136 4397 ant.
2174 4345 2301 4398 XV.
2377 4349 2493 4401 BE.
