3042 4909
547 445 768 501 PAULI
807 443 1155 498 HISTORIA
1195 446 1868 505 LANGOBARDORUM.
1941 452 2084 506 LIB.
2126 454 2200 505 11.
2424 453 2493 505 87

248 624 637 682 aestuantes.
737 615 807 683 Si
853 637 1044 703 quem
1086 615 1290 681 forte⁸
1331 616 1595 702 antiqua
1637 618 1842 703 pietas
1891 618 2362 706 perstringebat
2425 631 2498 687 ut

248 698 471 766 vellit»
517 699 786 786 sepelire
828 700 1215 785 proximum,
1273 698 1558 764 restabat
1597 701 1736 787 ipse
1789 702 2173 789 insepultus3
2231 712 2295 769 et
2381 726 2492 769 um

250 782 748 870 obsequebatur,
793 782 1243 869 perimebatur,
1288 783 1443 849 dum
1471 783 1680 850 funeri
1716 784 2093 872 obsequium
2121 787 2492 874 praebebat,

246 868 454 954 ipsius
474 880 499 912 ⁰
539 867 734 933 funus
778 869 916 932 sine
966 865 1276 953 obsequio
1340 868 1663 934 manebat.
1747 869 2056 936 Videres(¹
2100 869 2382 937 seculum
2425 872 2492 937 in

242 952 624 1040 antiquum0
678 951 1011 1016 redactum
1069 949 1451 1016 silentiumf:
1508 950 1684 1016 nulla
1739 975 1871 1018 vox
1922 955 1990 1018 in
2042 977 2224 1038 rure,
2278 953 2491 1020 nullus

244 1045 579 1121 pastorum
637 1034 889 1116 sibilus,
946 1032 1155 1100 nullae
1210 1033 1481 1100 insidiae
1542 1034 1892 1101 bestiarum
1943 1039 2058 1101 in&
2110 1037 2491 1125 pecudibus,

238 1117 418 1184 nulla
460 1120 697 1185 damna
738 1120 805 1183 in
848 1118 1213 1183 domesticis
1254 1116 1647 1184 volucribus.
1735 1120 1890 1186 Sata
1927 1131 2324 1208 transgressa
2360 1145 2489 1188 me-

236 1204 419 1269 tendi
462 1212 715 1289 tempus
758 1204 998 1268 intacta
1040 1201 1469 1288 expectabant
1517 1224 1896 1287 messorem3
1952 1207 2179 1271 vinea*
2236 1206 2488 1271 amissis

235 1285 412 1351 foliis
454 1287 852 1354 radiantibus
896 1285 1040 1350 uvis
1082 1284 1324 1351 inlaesa
1377 1287 1679 1352 manebat
1735 1288 1940 1353 hieme
1995 1290 2483 1376 propinquante.

236 1370 589 1437 Nocturnis
619 1392 730 1435 seu
781 1370 1058 1435 diurnis¹
1100 1369 1271 1434 horis
1308 1370 1691 1456 personabat
1729 1373 1889 1437 tuba
1937 1370 2331 1455 bellantium,
2374 1394 2484 1438 au-

235 1451 536 1520 diebatur
576 1476 616 1518 a
676 1453 963 1542 pluribus
1029 1454 1214 1540 quasi
1279 1476 1569 1519 murmur
1631 1456 1968 1520 exercitus.
2053 1455 2244 1522 Nulla
2306 1468 2489 1524 erant

233 1538 517 1623 vestigia
545 1539 1059 1620 commeantium,
1088 1535 1298 1602 nullus
1328 1537 1705 1604 cernebatur
1731 1560 2070 1626 percussor
2087 1541 2136 1624 Β,
2179 1551 2243 1606 et
2269 1549 2486 1606 tamen

235 1622 487 1686 visum¹
551 1621 881 1688 oculorum
942 1620 1333 1708 superabant
1392 1622 1709 1688 cadavera
1750 1633 2165 1688 mortuorum.
2265 1624 2484 1690 Pasto-

232 1703 397 1769 ralia
437 1704 582 1771 loca
606 1727 794 1772 versa
836 1705 1087 1770 fuerant
1126 1705 1194 1770 in
1236 1726 1304 1769 se
1352 1703 1672 1771 uituramm
1726 1707 2077 1791 hominum,
2120 1717 2187 1773 et
2240 1705 2484 1774 habita-

233 1787 389 1854 cula
410 1789 689 1853 humana
708 1790 876 1856 facta
897 1789 1147 1854 fuerant
1176 1810 1252 1854 co
1327 1791 1476 1875 ugia
1503 1790 1869 1856 bestiarum.
1937 1792 2023 1857 Et
2043 1792 2199 1857 haec
2264 1791 2481 1857 uidem

233 1872 411 1937 mala
451 1874 617 1939 intra
656 1872 907 1939 Italiam
923 1884 953 1915 ¹¹
996 1881 1244 1938 tantum
1285 1895 1487 1960 usque
1538 1874 1620 1939 ad
1667 1874 1824 1940 fines
1866 1877 2154 1961 gentium
2306 1897 2482 1940 man·

229 1978 465 2021 norum
524 1967 587 2022 et
652 1957 1137 2022 Baioariorum⁰
1205 1955 1355 2023 solis
1417 1956 1727 2021 Romanis
1790 1958 2159 2024 acciderunt
2173 1970 2222 2024 Ρ.
2306 1958 2482 2024 Inter
2503 1970 2606 2014 ⁵⁶⁷·

231 2039 396 2105 haec
423 2041 775 2106 Iustiniano
861 2041 1107 2126 rincipe
1133 2039 1267 2106 vita
1310 2040 1642 2107 decidente
1653 2054 1701 2124 (Ι,
1744 2042 2068 2108 Iustinus‘
2111 2044 2319 2108 minor
2343 2064 2483 2108 rem

230 2122 563 2211 publicam
612 2135 768 2211 aput
817 2064 1432 2211 ‹gonstantinopolim
1485 2125 1834 2210 regendam
1906 2127 2191 2212 suscepit
2210 2137 2251 2188 ¹.
2357 2125 2481 2191 His

235 2230 363 2295 quo
410 2230 492 2274 ue
532 2217 661 2275 tem
710 2209 929 2274 oribus
959 2207 1177 2273 Narsis
1217 2208 1543 2295 patricium
1589 2210 1774 2273 cuius
1801 2207 1886 2272 ad
1916 2210 2131 2273 omnia
2159 2207 2477 2273 studium⁸

232 2292 299 2357 vi
352 2293 365 2307 ”
395 2292 578 2374 abat,
709 2291 954 2358 italem‘
1038 2292 1412 2378 episcopum
1476 2291 1732 2357 Altinae
1795 2292 2089 2374 civitatis,
2156 2291 2266 2378 qui
2331 2302 2477 2357 ante

231 2397 437 2440 annos
480 2375 788 2462 plurimos
837 2375 921 2441 ad
974 2375 1370 2441 Francorum
1424 2396 1494 2440 re
1542 2397 1694 2439 num
1751 2374 2141 2461 confugerat,
2201 2374 2323 2439 hoc
2381 2385 2480 2442 est

231 2459 319 2525 ad
361 2456 865 2544 Agonthiensem
878 2471 961 2506 Μ
1013 2458 1355 2541 civitatem,
1398 2466 1507 2522 tan
1556 2471 1704 2524 emv
1768 2457 2273 2546 conprehensum
2316 2468 2479 2546 aput

234 2541 523 2609 Siciliam
564 2543 757 2609 exilio
800 2544 1148 2610 damnavit.

404 2629 503 2691 ’5.
588 2628 795 2713 Igitur
835 2625 1070 2709 deleta,
1126 2636 1198 2691 ut
1254 2625 1495 2690 dictum
1556 2636 1680 2709 est,
1734 2623 1837 2691 vel
1898 2636 2198 2713 superata
2254 2625 2476 2692 Narsis
2495 2637 2568 2693 ‘a
2604 2641 2679 2685 ⁸1⁶·

233 2711 409 2775 omni
475 2710 834 2777 Gothorum
896 2719 1085 2797 gente
1105 2722 1167 2793 W,
1211 2709 1311 2774 his
1422 2731 1635 2797 noque
1694 2709 1773 2775 de
1849 2708 2081 2809 quibus
2145 2709 2425 2775 diximus
2443 2723 2474 2755 ¹

231 2794 373 2880 pari
430 2794 621 2860 modo
664 2795 931 2860 devictis
962 2806 1015 2873 Y,
1075 2793 1231 2858 dum
1293 2816 1402 2858 mu
1430 2805 1603 2858 tum2
1648 2794 1786 2857 auri
1850 2816 1985 2859 slve
2048 2814 2121 2856 ar
2166 2794 2298 2859 enti
2361 2816 2475 2860 seu

232 2887 585 2943 ceterarum
631 2880 1035 2965 specierum⁸
1080 2877 1333 2944 divitias
1375 2876 1779 2964 adquisisset,
1823 2898 2123 2964 magnam
2175 2888 2224 2924 ·³
2268 2899 2309 2942 a
2348 2877 2473 2942 Ro-

233 2963 458 3044 manis,
502 2984 619 3049 pro
640 2974 665 3006 ⁰
709 2962 942 3048 quibus
992 2960 1192 3026 multa
1233 2972 1457 3028 contra
1506 2984 1728 3027 eorum
1783 2961 1997 3027 hostes
2048 2960 2473 3045 laboraverat,

228 3102 275 3156 a)
309 3105 478 3147 sortem
508 3116 621 3148 corr.
655 3105 773 3147 rorte
803 3103 844 3145 A
878 3106 918 3146 1.
1040 3104 1088 3157 b)
1122 3105 1186 3146 ita
1214 3104 1255 3145 A
1287 3106 1328 3145 8.
1360 3106 1397 3145 Β
1434 3108 1472 3150 1.
1501 3106 1541 3146 F
1575 3108 1624 3155 13
1656 3105 1790 3146 benit
1819 3104 1861 3145 A
1895 3106 1940 3155 13
1983 3106 2100 3146 velit
2126 3106 2169 3147 A
2200 3102 2262 3146 ’8.
2293 3105 2337 3148 8.
2365 3106 2405 3146 Β
2429 3105 2471 3145 1.

231 3164 267 3206 0
297 3160 359 3206 ·i.
394 3166 432 3205 1.
466 3165 509 3205 D
545 3168 593 3214 13
626 3165 770 3206 vellet
804 3163 845 3205 G
880 3166 916 3204 1.
952 3163 993 3214 8,
1025 3165 1119 3204 alii.
1222 3161 1265 3216 c)
1297 3165 1398 3215 ipse
1428 3165 1466 3204 F
1501 3167 1523 3205 1
1556 3176 1577 3205 s
1607 3175 1722 3205 corr.
1757 3162 1798 3204 G
1833 3164 1960 3204 1-5.
1992 3164 2037 3204 H
2070 3167 2110 3206 1.
2142 3165 2167 3205 Ι
2200 3165 2240 3204 8.
2332 3162 2379 3216 d)
2396 3163 2473 3206 Vi·

232 3223 355 3265 deris
384 3223 426 3263 A
458 3220 518 3264 ’8.
550 3224 587 3263 F
621 3225 660 3266 1.
693 3222 734 3264 G
765 3220 827 3264 ’8.
858 3224 908 3274 43
940 3223 1108 3264 Videre
1139 3223 1181 3263 A
1211 3223 1265 3263 2?
1293 3224 1332 3263 B
1352 3226 1392 3266 1.
1424 3224 1463 3264 Ε
1483 3225 1524 3264 1.
1647 3222 1922 3275 0)‚ant1quo
1952 3223 1990 3262 F
2010 3225 2049 3263 1.
2169 3221 2206 3274 0
2239 3223 2351 3263 dem
2371 3221 2470 3264 Gs.

230 3280 278 3331 g)
310 3285 598 3331 transgresso
629 3293 689 3323 m.
722 3286 931 3333 tempore
975 3281 1016 3323 G
1047 3279 1108 3322 ·5.
1139 3281 1199 3321 ba
1231 3282 1274 3327 b.
1304 3282 1348 3322 Η
1383 3283 1423 3323 1.
1556 3279 1605 3333 h)
1638 3282 1823 3322 vineam
1866 3291 1980 3321 corr.
2019 3282 2158 3322 vinea
2199 3281 2240 3322 A
2275 3282 2315 3323 8.
2348 3280 2386 3321 Ρ
2420 3281 2471 3331 13

231 3341 373 3381 vinea
390 3359 440 3371 —-
462 3341 680 3382 manebat
703 3345 803 3390 post
833 3351 947 3381 corr.
981 3341 1148 3382 vineae
1179 3340 1430 3381 manebant
1458 3341 1496 3380 B
1514 3341 1568 3391 1,·
1586 3345 1623 3380 st
1652 3340 1716 3379 ita
1748 3339 1782 3380 Ο
1801 3340 1840 3380 8.
1945 3339 1980 3390 1)
2012 3340 2242 3381 diuturnis
2274 3339 2315 3381 G
2332 3340 2373 3380 8.
2408 3335 2471 3380 ’8.

230 3398 254 3438 1
290 3401 338 3449 13
370 3399 649 3441 diuturniori
682 3399 779 3440 G3.
901 3396 951 3451 k)
982 3409 1227 3449 percursor
1259 3398 1359 3441 Gl.
1391 3399 1433 3437 4.
1556 3398 1590 3449 l)
1621 3398 1933 3438 visooulorum
1962 3398 2078 3437 Fi?
2109 3399 2212 3438 visu
2244 3407 2315 3438 oc.
2356 3396 2398 3438 G
2427 3399 2468 3439 1.

231 3455 295 3509 m)
326 3458 568 3508 sepultura
595 3458 634 3498 B
668 3459 710 3501 3.
742 3460 781 3499 Β
802 3460 842 3500 1.
873 3459 911 3498 F
934 3458 972 3498 l.
1006 3457 1048 3498 G
1069 3460 1090 3498 1
1127 3452 1188 3510 (ἐν.
1223 3458 1254 3498 r.
1287 3459 1337 3498 in
1368 3467 1404 3498 s.
1452 3457 1596 3496 eadem
1623 3466 1758 3496 manu
1787 3453 1967 3506 cuppa).
2002 3452 2063 3498 ’8,
2098 3457 2151 3505 4;
2183 3456 2466 3506 sepulturam

231 3514 274 3557 G
307 3518 355 3565 23
386 3517 647 3567 sepulturas
679 3517 713 3558 Ο
745 3517 797 3567 53
830 3518 881 3557 in
911 3528 1010 3567 sep.
1047 3539 1099 3548 -
1131 3517 1318 3558 ruerant
1346 3515 1432 3557 du.
1468 3515 1601 3557 G5b.
1688 3514 1738 3565 n)
1773 3513 1910 3553 Italia
1939 3514 1976 3553 F
2010 3517 2051 3556 1.
2085 3513 2127 3554 G
2161 3516 2201 3555 1.
2296 3512 2342 3566 ο)
2376 3514 2473 3554 Ba·

230 3575 348 3617 inar.
380 3576 417 3615 P
452 3578 504 3624 ις
534 3576 757 3617 Baiuuar.
792 3574 833 3616 G
867 3578 908 3618 1.
939 3578 981 3617 8.
1016 3576 1058 3627 3,
1104 3575 1205 3624 αιιῖς
1248 3574 1597 3615 Baioaricorum
1643 3577 1830 3621 atraque
1872 3572 2016 3612 littera
2063 3583 2087 3612 c
2133 3583 2155 3611 s
2198 3582 2316 3612 corr.
2349 3570 2391 3611 A
2423 3572 2465 3614 8.

227 3632 277 3685 p)
312 3634 578 3675 acciderant
608 3633 702 3676 os.
734 3635 836 3676 D2.
870 3635 896 3674 s
1034 3632 1083 3684 q)
1114 3634 1177 3672 eea
1208 3632 1249 3673 A
1270 3635 1306 3674 1.
1326 3633 1367 3672 s.
1386 3632 1428 3673 a.
1446 3634 1489 3676 4.
1520 3633 1559 3672 B
1580 3633 1682 3672 ια.
1717 3631 1755 3670 13
1778 3632 1816 3670 1.
1847 3626 2024 3672 F1.⁸8.
2057 3632 2099 3673 4.
2137 3630 2237 3672 Gi.
2272 3629 2471 3674 s.4.5b.

227 3692 268 3744 r)
300 3692 587 3733 lastinianus
619 3693 653 3735 C
691 3694 730 3734 1.
763 3695 787 3733 1
823 3695 859 3734 1.
1013 3691 1054 3741 s)
1084 3691 1163 3741 qui
1193 3691 1252 3731 ad
1292 3691 1450 3731 omnia
1480 3690 1634 3730 studia
1666 3688 1716 3731 G.
1748 3689 1807 3731 D.
1843 3687 1864 3728 t
1897 3690 1939 3731 1.
2089 3685 2125 3740 t)
2160 3688 2318 3730 vitale
2347 3690 2386 3729 F
2419 3691 2462 3731 1.

226 3749 274 3802 u)
308 3750 650 3800 Agonciensem
680 3753 719 3792 B
754 3753 824 3793 la.
858 3753 901 3793 8.
934 3751 984 3800 33
1015 3749 1432 3799 Agonthiniensem
1465 3749 1502 3789 A
1534 3746 1606 3797 ‘83
1637 3748 1969 3797 Agontiensem
2001 3747 2104 3798 05;
2136 3747 2471 3797 Agothiensem

226 3810 271 3849 D
305 3812 326 3850 1
361 3821 382 3849 e
412 3821 542 3857 corr„
575 3815 612 3851 et
643 3810 707 3851 ita
736 3811 778 3851 D
813 3811 864 3860 23
897 3809 1227 3860 Ogotbienssm
1258 3808 1300 3849 A
1331 3809 1381 3858 43
1412 3806 1693 3857 Agatensem
1723 3806 1766 3845 D
1799 3806 1840 3846 8.
1871 3806 1915 3847 4.
1951 3807 1993 3858 8,
2024 3817 2045 3846 e
2075 3818 2195 3847 corr.
2228 3807 2281 3856 ῦς
2301 3806 2469 3857 'Aged-

227 3877 420 3909 nensem
461 3870 499 3909 F
530 3868 585 3918 ὃς
627 3868 894 3919 Agotiesem
936 3870 974 3910 n
1010 3870 1059 3917 13
1104 3866 1403 3909 Gothiensem
1445 3866 1486 3909 G
1518 3867 1561 3909 8.
1600 3865 1638 3905 L
1673 3868 1725 3915 13
1774 3864 2106 3907 Gonthiensem
2147 3867 2191 3907 Η
2225 3868 2271 3915 1;
2314 3867 2471 3916 Agon-

225 3926 454 3968 thiensem
482 3937 696 3978 cuper-scr.
742 3929 886 3968 littora
931 3938 976 3967 m
1006 3927 1048 3967 A
1080 3927 1130 3976 ῦς
1162 3926 1212 3967 in
1257 3925 1625 3975 Agonthiensem
1656 3924 1697 3965 A
1728 3924 1776 3974 ὃς
1829 3923 2024 3974 Agonth.
2071 3936 2184 3967 corr.
2231 3925 2466 3974 Maoeonth.

228 3984 271 4025 G
304 3987 344 4028 1.
379 3985 433 4035 33
479 3986 878 4036 Magonthiensem
923 3986 948 4026 Ι
980 3986 1031 4035 83
1076 3984 1549 4035 Agomogontiensem
1596 3983 1637 4026 G
1669 3983 1751 4032 δεῖ
1799 3983 2255 4033 Mogonciacensium
2303 3983 2344 4025 G
2375 3983 2467 4034 5113

226 4043 597 4093 mogontiensem
630 4045 671 4088 G
704 4045 773 4087 50.
891 4045 940 4096 v)
971 4045 1081 4085 aaut
1112 4043 1147 4086 G
1184 4047 1223 4088 1.
1341 4041 1403 4093 w)
1436 4048 1621 4092 gentem
1650 4044 1690 4082 B
1721 4044 1762 4083 1.
1794 4043 1831 4082 P
1850 4043 1883 4082 1.
1928 4064 1982 4075 --
2015 4054 2055 4086 ο.
2089 4041 2226 4084 Goth.
2257 4042 2403 4082 deal)
2424 4042 2468 4083 8.

225 4101 275 4154 x)
304 4103 414 4143 aaut
445 4103 489 4144 Η
522 4104 561 4146 1.
723 4104 770 4157 y)
804 4104 1011 4146 devictus
1040 4104 1079 4143 B
1115 4106 1162 4152 ις
1210 4102 1405 4144 dedistis
1449 4103 1487 4142 F
1521 4104 1573 4151 ις
1619 4101 1784 4142 deletis
1818 4100 1860 4141 G
1891 4101 2028 4151 1-53
2073 4101 2238 4143 debitis
2268 4100 2310 4141 A
2341 4100 2386 4142 5.
2419 4101 2465 4142 6.

224 4160 270 4213 2)
302 4162 447 4203 muita
489 4161 531 4202 A
565 4163 606 4204 1.
758 4160 804 4215 a)
837 4163 1089 4204 mocisi-um
1120 4162 1160 4203 A
1193 4163 1243 4212 13
1304 4161 1566 4213 speciarum
1609 4162 1647 4201 B
1682 4161 1722 4201 1.
1770 4159 1808 4200 Β
1844 4160 1885 4202 1.
2036 4158 2086 4212 b)
2119 4169 2290 4209 magna
2333 4157 2374 4200 A
2409 4160 2468 4210 13

224 4230 429 4269 magnan
459 4221 497 4261 B
540 4222 579 4262 1.
702 4221 743 4275 c)
776 4232 861 4273 per
889 4223 926 4261 F
961 4224 999 4263 1.
1037 4220 1079 4262 G
1112 4222 1152 4263 1.
1189 4221 1232 4262 8.
1266 4221 1309 4262 8.

229 4329 286 4395 1)
320 4330 402 4401 (ff.
440 4332 624 4386 Bedae
661 4333 841 4386 chron.
993 4332 1050 4399 2)
1090 4329 1359 4401 Aquntum
1396 4331 1504 4385 sive
1557 4330 1783 4395 Inacha,
1823 4330 2097 4395 Ιππίοήεπ,
2150 4332 2223 4383 ad
2258 4332 2468 4398 fontem

230 4405 427 4461 Dravi.
505 4408 617 4459 BE.
769 4405 828 4475 3)
866 4422 1116 4474 magnam
1159 4434 1223 4445 -
1266 4407 1483 4475 pertulit
1520 4422 1586 4458 ex
1623 4405 1798 4458 Beda.
