3042 4909
648 458 867 512 PAULI
906 457 1253 512 HISTORIA
1292 459 1967 515 LANGOBARDORUM.
2395 465 2428 515 5

208 628 409 712 posuit
452 628 543 711 (I,
574 627 731 711 26),·
777 627 951 714 quod
1002 629 1117 693 vix
1159 628 1452 707 dixisset,
1496 631 1559 694 si
1603 628 1857 695 diutius
1887 630 2191 714 patriam
2233 630 2428 697 Foro-

208 711 532 798 juliensem
575 721 635 776 et
677 710 1046 777 saeculares
1092 733 1242 797 opes
1284 711 1409 775 reli
1452 713 1669 777 uisset.

367 795 548 869 Quae
593 796 655 860 si
696 796 914 860 minus
945 793 1236 881 placent,
1283 796 1375 860 ad
1470 796 1644 861 arbli
1672 796 1915 883 Mayni
1942 806 2062 862 tem
2113 819 2234 862 ora
2271 798 2429 864 haec

216 877 552 962 referamus
597 887 843 963 oportet
858 891 903 961 ¹,
991 879 1085 961 ui,
1128 880 1725 965 Lanqobarclorum
1767 901 1969 966 reqno
2060 890 2335 947 estrat-to
2372 891 2430 947 et

255 962 391 1027 aulo
503 972 600 1028 ost
639 962 929 1049 Rodqau
982 984 1016 1028 o
1070 963 1510 1063 Forojuliensi
1565 964 1729 1029 duce
1782 964 2067 1030 devicto²
2114 970 2215 1048 (a.
2248 965 2427 1048 776),

261 1046 391 1110 auli
410 985 708 1131 fzoo'atrem
734 1045 1035 1112 Arichim
1064 1055 1396 1132 capttvwm
1438 1049 1513 1112 i‘n
1542 1048 1903 1113 Ranciam
1932 1047 2127 1113 duoeit
2162 1051 2428 1135 ejusque

214 1150 300 1194 res
324 1129 485 1213 fisco
532 1130 864 1211 attribuit;
912 1130 988 1194 id
1030 1131 1205 1216 quod
1244 1142 1442 1197 totam
1466 1131 1818 1215 familiam
1870 1132 2212 1218 ipsumque
2253 1133 2428 1196 Pau-

213 1212 328 1278 lum
366 1216 661 1299 qraviter
692 1213 957 1300 afflixit.
1047 1212 1181 1278 Sex
1225 1216 1492 1282 evolutis
1525 1217 1726 1281 annis
1773 1216 1878 1280 hic
1919 1217 2097 1303 reqis
2139 1218 2427 1303 qratiam

214 1300 476 1364 carmine
506 1297 907 1382 imploravit.
1000 1296 1193 1372 Quod
1234 1300 1595 1386 yenuinum
1625 1302 1796 1365 vitae
1825 1301 1969 1386 ejus
1996 1301 2430 1365 testimonium

214 1382 299 1445 hic
338 1383 758 1448 inserendum
802 1382 1116 1447 duximus
1131 1391 1177 1446 ³.

446 1520 649 1585 Item
693 1541 973 1585 versus
1016 1520 1257 1585 Pauli
1298 1521 1395 1584 ad
1437 1543 1702 1608 regem
1745 1521 2173 1608 precando·

280 1638 486 1705 Verba
529 1640 626 1704 tui
670 1639 910 1724 famuli,
956 1662 1074 1705 rex
1115 1662 1383 1724 summe,
1429 1639 1704 1705 adtende
1748 1662 2025 1723 serenus,

432 1724 710 1810 Respice
753 1734 816 1790 et
859 1724 942 1790 ad
985 1723 1205 1790 fletum
1250 1746 1395 1788 cum
1438 1723 1674 1810 pietate
1718 1746 1953 1790 meum.

280 1824 427 1890 Sum
469 1828 688 1907 mise'r,
731 1835 803 1891 ut
845 1848 1113 1911 mereor,
1160 1835 1470 1915 quantum
1513 1828 1632 1891 vix
1671 1824 1837 1891 ullus
1880 1827 1948 1890 in
1993 1827 2146 1893 orbe
2189 1835 2318 1908 θεῖς

437 1909 711 1997 Semper
752 1910 918 1975 inest
957 1908 1172 1976 luctus
1214 1910 1411 1977 tristis
1456 1919 1520 1977 et
1562 1911 1722 1977 hora
1761 1909 1938 1975 mihi.

280 2009 600 2098 Septimus
645 2034 851 2077 annus
895 2011 1095 2096 adest,
1141 2033 1227 2076 ex
1269 2034 1395 2098 quo
1437 2035 1608 2078 nova
1652 2033 1848 2078 causa
1889 2011 2139 2078 dolores

430 2094 823 2182 Multiplices
864 2104 1127 2182 generat
1170 2106 1234 2161 et
1274 2116 1420 2160 mea
1462 2095 1657 2161 corda
1702 2097 1923 2182 quatit.

278 2195 581 2284 Captivus
626 2199 900 2263 vestris⁸
943 2206 1181 2263 extunc
1224 2220 1567 2284 germanus
1610 2199 1678 2263 in
1717 2199 1890 2263 horis

432 2281 553 2347 Est
596 2303 802 2364 meus,
846 2279 1084 2348 afflicto
1128 2292 1407 2368 pectore,
1450 2281 1686 2365 nudus,
1732 2304 1948 2368 egens.

275 2380 442 2448 Illius
486 2384 555 2448 in
646 2384 809 2448 atria
854 2385 1093 2447 coniux
1135 2384 1498 2450 miseranda
1540 2405 1657 2470 per
1700 2404 1921 2448 omnes

430 2468 585 2532 Men
637 2469 761 2533 ’cat
802 2466 1047 2554 plateas
1092 2489 1199 2534 ore
1242 2476 1553 2534 tremente
1598 2466 1796 2532 cibos.

278 2567 590 2649 Quattuor
632 2570 754 2634 hac
796 2570 1012 2656 turpib
1056 2579 1240 2635 natos
1284 2578 1597 2635 sustentat
1638 2566 1720 2632 ab
1764 2576 1918 2650 arte,

435 2653 619 2734 Quos
662 2653 775 2717 vix
817 2653 1154 2739 pannuciis
1196 2651 1563 2739 praevalet⁰
1605 2650 1714 2715 illa
1755 2652 1906 2737 tegi.

277 2752 387 2819 Est
426 2754 609 2839 mihi,
655 2777 816 2840 quae
859 2755 1083 2841 primis
1129 2752 1385 2821 Christo
1430 2762 1680 2819 sacrata
1723 2752 1843 2820 sub
1889 2753 2072 2817 annis

432 2837 740 2903 Excubat
781 2839 1044 2924 egregia
1087 2837 1493 2925 simplicitate
1538 2859 1735 2904 soror.

276 2936 448 3006 Haec
495 2938 618 3004 sub
663 2948 830 3005 sorte
873 2941 1014 3027 pari
1057 2938 1298 3005 luctum
1344 2942 1479 3006 sine
1523 2940 1649 3005 fine
1691 2948 2030 3020 retentam,

429 3025 699 3089 Privata
740 3034 837 3090 est
880 3021 1083 3088 oculis
1123 3024 1253 3089 iam
1296 3046 1498 3111 prope
1540 3022 1752 3090 flendo
1797 3022 1947 3088 suis.

274 3124 735 3206 Quantulacum
783 3148 864 3190 ue
905 3125 1046 3206 fuit,
1090 3125 1340 3213 direpta
1381 3129 1478 3192 est
1518 3135 1737 3191 nostra
1780 3122 2085 3210 supellex,

430 3209 573 3274 Nec
617 3219 731 3291 est,
819 3209 932 3275 eu!
978 3210 1227 3275 miseris
1273 3210 1384 3297 qui
1424 3209 1590 3276 ferat
1630 3207 1799 3274 ullus
1843 3229 2050 3293 opem.

272 3307 571 3376 Coniunx
612 3319 707 3376 est
746 3310 955 3375 statiis
998 3310 1193 3377 rebus
1238 3311 1502 3377 exclusa
1542 3311 1842 3398 paterniS,

428 3395 697 3481 Iamque
740 3416 961 3459 sumus
1006 3396 1204 3460 servis
1246 3396 1600 3462 rusticitate
1641 3416 1862 3480 pares3

271 3495 582 3563 Nobilitas
623 3496 813 3596 periit
852 3496 1119 3579 miseriS,
1163 3498 1480 3564 accessitd
1525 3506 1835 3595 aegestas.

430 3580 818 3662 Debmmus,
862 3580 1084 3663 fateor,
1125 3582 1451 3667 asperiora
1491 3590 1655 3666 pat13

278 3679 400 3747 Sed
444 3682 767 3764 miserere,
810 3692 1039 3768 potens
1081 3691 1308 3764 rector,
1352 3681 1672 3760 miserere,
1718 3698 2071 3764 precamur,

433 3766 525 3831 Et
565 3766 825 3831 tandem
866 3765 1061 3831 finem
1104 3767 1222 3848 his,
1265 3765 1390 3851 pie,
1433 3785 1601 3850 pone
1643 3761 1857 3827 malis!

207 3958 244 4010 ι)
273 3964 409 4003 extris
457 3963 547 4005 Vct.
671 3962 718 4015 b)
749 3965 870 4014 vix-pi
902 3964 1021 4011 Par„
1056 3964 1170 4014 quod
1200 3964 1439 4003 Bethmcmn
1464 3961 1800 4012 praeferendum
1832 3962 1965 4003 duxit.
2088 3958 2129 4012 c)
2164 3957 2267 4011 quis
2299 3961 2426 4003 valet

202 4016 225 4058 i.
254 4022 361 4070 tegit
398 4021 496 4064 Vae.
676 4021 723 4074 d>
755 4024 977 4064 tuccessit
1015 4023 1109 4062 Vct.

209 4183 256 4250 1)
290 4185 378 4240 Ita
404 4188 574 4242 Dalm
602 4206 667 4256 p.
695 4190 780 4254 23,
821 4188 916 4257 qui
952 4188 1073 4241 huic
1100 4189 1426 4258 conjecturae
1451 4186 1674 4239 nimium
1701 4185 1899 4238 tribuit.
2051 4185 2108 4252 2)
2147 4186 2238 4238 Ita
2262 4187 2422 4239 Beth-

204 4273 349 4312 mann
377 4279 441 4328 1³·
472 4262 598 4313 240.
624 4271 759 4315 recte
786 4260 1031 4315 statuisse
1054 4261 1185 4313 mihi
1209 4261 1439 4314 videtur.
1552 4259 1609 4326 3)
1647 4259 1953 4312 Ediderunt
1990 4257 2271 4326 Lebeufp.
2296 4262 2421 4311 414.

206 4345 260 4381 ex
296 4335 407 4387 cod.
437 4333 646 4396 Paris.;
686 4334 816 4399 Mai,
860 4334 1024 4388 Class.
1067 4343 1204 4387 auct.
1238 4334 1297 4399 V,
1327 4335 1414 4398 50,
1456 4350 1519 4386 εκ
1559 4332 1673 4386 cod.
1712 4332 1861 4394 γαίη·
1898 4331 2086 4399 quibus
2119 4332 2421 4386 Bethmavm

202 4401 254 4456 in
286 4415 430 4459 teaetu.
467 4409 783 4462 recensendo
822 4426 950 4462 usus
990 4416 1080 4461 est.
