3042 4909
528 399 749 452 PAULI
787 399 1137 454 HISTORIA
1174 402 1847 458 LANGOBARDORUM.
1926 405 2067 457 LIB.
2108 405 2214 458 111.
2386 407 2487 456 131

309 568 572 632 atricius
629 589 670 631 a
726 567 1064 634 daemonio
1122 590 1253 633 non
1298 571 1574 636 iniuste²¹
1618 582 1949 670 correptus
1974 584 2013 653 ¹,
2058 593 2496 638 successorem
2514 588 2600 633 ⁶8⁹
2616 593 2690 632 vel
2710 591 2815 635 ⁶⁹0.

251 591 615 717 Romanum
678 651 1021 738 patricium
1080 653 1402 741 accipiens
1417 703 1434 737 ,
1499 653 2119 742 Constantinopolim
2170 657 2495 723 remeavit.

247 736 407 801 Post
433 735 592 800 haec
632 734 805 801 facta
831 746 929 802 est
956 736 1216 801 sinodus
1245 737 1471 803 decem
1499 740 1721 826 episco
1773 759 1953 803 orum
1981 740 2050 803 in
2077 739 2367 806 Mariano
2383 741 2429 783 ¹³·
2450 752 2493 824 ²,

249 817 367 883 ubi
427 828 808 907 receperunt
863 819 1173 887 Severum
1223 822 1653 908 patriarcham
1759 822 2194 909 quilegensem
2238 822 2496 890 dantem

247 901 532 968 libellum
586 906 818 969 erroris
876 905 1010 987 sui,
1068 905 1222 991 quia
1272 907 1466 971 trium
1530 906 1957 993 capitulorum
2014 907 2494 973 damnatoribus

251 988 791 1052 communicarat⁰
843 988 1207 1054 Ravennae.
1313 988 1593 1054 Nomina
1661 1012 1814 1055 vero
1869 990 2321 1077 episcoporum
2382 993 2493 1078 qui

251 1093 322 1136 se
351 1069 434 1135 ab
464 1069 586 1135 hoc
618 1071 912 1138 scismate
933 1082 959 1118 ³
990 1072 1414 1139 cohibuerunt
1439 1072 1600 1139 haec
1632 1084 1812 1140 sunt:
1849 1076 2077 1140 Petrus
2107 1074 2187 1139 de
2216 1073 2435 1141 Altino
2447 1085 2493 1156 ⁴,

252 1285 300 1340 a)
333 1289 454 1329 iuste
485 1300 602 1329 corr.
635 1289 805 1330 iniuste
839 1289 879 1330 G
913 1293 954 1331 1.
992 1293 1040 1341 Ως
1073 1303 1118 1341 p.
1154 1293 1338 1333 eosdem
1386 1293 1574 1332 omnino
1616 1293 1790 1333 iniuste
1832 1296 2065 1342 correptos
2095 1292 2133 1331 F
2167 1293 2189 1331 1
2225 1302 2245 1331 s
2276 1302 2415 1341 corr-‚3
2447 1303 2493 1341 p.

252 1348 385 1387 adest
416 1348 604 1387 omnino
636 1348 755 1389 iuste
785 1349 822 1387 F
857 1350 927 1389 22.
1048 1347 1096 1400 b)
1128 1351 1425 1391 Mauriniano
1460 1350 1500 1391 G
1532 1351 1601 1402 bc,
1631 1362 1747 1391 corr.
1779 1351 2024 1392 mauriano
2058 1350 2156 1402 ΘΙ,
2189 1356 2227 1391 st
2257 1352 2319 1390 ita
2354 1348 2395 1391 G
2426 1348 2491 1392 ⁶2.

257 1407 298 1448 2.
334 1405 405 1448 5⁸.
439 1407 463 1446 1
497 1410 545 1456 ις
575 1406 756 1448 Marino
790 1407 832 1448 G
863 1409 905 1451 8.
937 1410 992 1458 4;
1024 1410 1102 1451 vel
1131 1408 1342 1450 Arimino
1374 1410 1477 1450 add.
1510 1411 1559 1450 in
1590 1421 1725 1460 mar-9,
1757 1421 1870 1449 corr.
1901 1410 1939 1449 1=¹
1973 1412 2012 1450 1.
2166 1407 2209 1461 c)
2241 1408 2492 1450 communi·

250 1468 380 1506 caret
407 1465 445 1504 F
482 1467 521 1517 1,
552 1465 721 1505 duabus
751 1467 904 1507 litteris
932 1473 1034 1507 ante
1065 1468 1317 1509 Ravennae
1349 1469 1501 1508 erasis.

249 1649 444 1703 scilicet
481 1659 602 1703 ante
655 1649 886 1704 medium
924 1669 974 1703 a.
1019 1653 1145 1704 590.
1184 1652 1519 1720 Smaraqdus
1566 1652 1831 1720 patricius
1872 1652 2376 1720 Constantinopolim
2412 1670 2492 1706 re·

255 1733 467 1775 uocatus
506 1741 852 1777 successorem
889 1725 1073 1776 habuit
1098 1725 1414 1778 Romanum.
1457 1725 1741 1794 Greqorius
1769 1726 2003 1794 Magnus
2044 1734 2235 1790 autem,
2274 1745 2326 1779 a.
2369 1728 2493 1779 590.

246 1795 396 1863 Sept.
426 1814 585 1863 papa
622 1805 971 1861 consecratus,
1031 1799 1211 1850 eodem
1267 1799 1444 1850 adhuc
1502 1818 1644 1852 anno
1701 1818 1818 1853 cum
1860 1800 2104 1868 jussione
2160 1798 2493 1866 imperatoris

249 1867 506 1922 Severum
544 1868 918 1936 patriarcham
976 1871 1199 1922 Romam
1250 1871 1474 1934 vocavit,
1529 1882 1586 1924 ut
1623 1874 1698 1924 ibi
1733 1873 2093 1940 judicaretur.
2175 1870 2278 1935 Qui
2315 1873 2494 1924 statim

248 1960 368 1995 cum
405 1944 518 1995 suis
557 1942 812 2009 episcopis
851 1944 926 1994 ad
961 1943 1330 2010 imperatorem
1382 1945 1704 2011 appellavit,·
1757 1962 1971 2012 unaque
2008 1947 2118 2014 ejus
2166 1945 2495 2013 suffraganei

246 2016 345 2068 sub
404 2015 779 2084 Lanqobardis
834 2017 1101 2069 constituti
1160 2018 1390 2070 libellum
1451 2020 1738 2085 supplicem
1799 2018 2110 2085 imperatori
2163 2018 2489 2082 direxerunt,

246 2106 399 2156 quem
437 2087 631 2141 videsis
677 2089 827 2155 apud
863 2090 1164 2142 Baronium
1220 2091 1320 2154 IX,
1361 2093 1497 2154 9043
1560 2093 1746 2143 Mansi
1781 2092 1850 2156 X,
1888 2092 2028 2152 463,-
2094 2092 2271 2158 Proya
2310 2090 2359 2155 Ι,
2404 2093 2489 2155 79,

236 2169 490 2229 petentes,
530 2178 599 2214 ne
638 2163 709 2214 ad
746 2162 892 2213 illius
948 2163 1224 2227 iudicium,
1283 2162 1530 2232 Greyorii
1565 2164 1778 2229 scilicet,
1835 2170 2152 2232 cogerentur
2192 2180 2488 2228 occurrere,

246 2252 369 2288 cum
408 2250 514 2302 quo
553 2251 719 2287 causa
755 2237 875 2302 ipsa
915 2252 1032 2289 esse
1090 2237 1437 2303 dignoscitur,
1498 2245 1553 2289 et
1590 2240 1741 2289 cuius
1794 2239 2260 2290 communionem.
2294 2272 2308 2287 .
2338 2273 2350 2287 .
2392 2254 2489 2289 nos

245 2325 368 2361 cum
407 2310 549 2360 omni
584 2307 783 2376 populo
824 2309 1116 2373 evitamus;
1157 2311 1406 2376 quoniam
1446 2312 1527 2361 sic
1584 2312 1804 2362 accensi
1853 2316 1976 2361 sunt
2014 2326 2197 2362 omnes
2245 2310 2488 2363 homines

242 2381 481 2449 plebium
519 2387 819 2434 nostrarum
857 2383 913 2431 in
954 2398 1117 2433 causa
1152 2385 1271 2446 ista,
1311 2389 1371 2434 ut
1407 2389 1531 2434 ante
1570 2390 1791 2435 mortem
1831 2383 2058 2450 perpeti,
2098 2400 2255 2449 quam
2284 2383 2352 2434 ab
2393 2399 2486 2434 an·

240 2457 396 2522 tiqua
418 2455 688 2506 catholica
708 2456 984 2522 patiantur
1010 2457 1380 2507 communione
1402 2456 1607 2508 divelli.
1645 2457 1767 2507 Hoc
1792 2462 1996 2507 tantum
2029 2456 2384 2522 deposcimus,
2413 2461 2485 2522 ut,

242 2530 371 2595 quia
411 2528 778 2580 misericordia
803 2528 910 2579 Dei
948 2529 1004 2580 in
1035 2528 1242 2580 meliori
1282 2534 1427 2580 statu
1464 2529 1659 2581 Italiae
1698 2535 1895 2596 partes,
1934 2528 2212 2580 laborante
2252 2527 2488 2580 fideliter

241 2601 478 2668 glorioso
516 2602 758 2654 Romano
796 2602 1043 2668 patricio,
1082 2600 1346 2668 perduxit,
1402 2608 1455 2653 et
1494 2604 1761 2654 credimus
1799 2618 1898 2653 nos
1950 2601 2216 2665 celeriter,
2259 2601 2487 2654 devictis

241 2675 510 2741 gentibus,
568 2674 638 2725 ad
692 2675 970 2741 pristinam
1026 2674 1328 2726 libertatem
1388 2675 1602 2739 deduci,
1643 2711 1658 2729 .
1686 2712 1700 2728 .
1730 2711 1745 2727 .
1784 2677 1892 2728 sint
1943 2673 2213 2738 induciae,
2274 2679 2327 2725 et
2365 2691 2485 2726 cum

238 2748 476 2798 iussione
516 2753 694 2800 vestra
747 2749 921 2815 parati
978 2749 1174 2799 erimus
1213 2746 1284 2798 ad
1339 2748 1509 2814 pedes
1564 2754 1779 2800 vestrae
1836 2749 2053 2815 pietatis
2111 2763 2390 2800 occurrere
2431 2754 2485 2800 et

239 2826 456 2872 nostrae
493 2819 623 2871 fidei
674 2820 888 2887 plenam
937 2821 1164 2872 reddere
1214 2822 1494 2872 rationem.
1587 2820 1791 2884 Quibus
1836 2821 2118 2889 indulgens
2172 2818 2485 2885 Mauritius,

240 2893 494 2960 Gregorio
531 2893 826 2959 rescripsit:
867 2894 1007 2957 Quia
1043 2901 1135 2946 tua
1173 2895 1432 2946 sanctitas
1471 2897 1753 2961 cognoscit
1789 2900 2124 2962 praesentem
2162 2911 2336 2946 rerum
2375 2895 2485 2945 Ita-

163 3022 171 3030 ·
234 2968 464 3018 licarum
503 2967 867 3019 confusionem
926 2972 981 3018 et
1019 2967 1163 3034 quod
1220 2973 1433 3034 oportet
1485 2969 1814 3036 temporibus
1865 2973 2229 3035 competenter
2266 2969 2485 3028 versari,

235 3040 502 3103 iubemus,
551 3046 696 3091 tuam
743 3041 1085 3092 sanctitatem
1132 3040 1438 3093 nullatenus
1488 3041 1789 3093 molestiam
1842 3043 1919 3094 eis
1957 3043 2168 3105 inferre,
2224 3042 2321 3093 sed
2354 3057 2483 3093 con·

240 3113 436 3164 cedere
477 3128 568 3164 eos
607 3114 805 3165 otiosos
857 3128 993 3165 esse.
1069 3112 1161 3165 Ita
1188 3130 1294 3179 pro
1346 3122 1574 3179 tempore
1623 3131 1707 3166 res
1745 3112 1958 3180 quievit.
2042 3113 2252 3165 Paulus
2291 3123 2482 3176 autem,

240 3183 490 3252 Gregorii
527 3183 823 3237 admirator
860 3193 908 3237 et
945 3186 1095 3253 cujus
1133 3186 1199 3238 de
1221 3186 1337 3252 fide
1386 3187 1682 3238 orthodoxa
1718 3204 1827 3238 non
1864 3194 1939 3238 est
1990 3186 2253 3250 dubietas,
2304 3186 2363 3238 in
2400 3187 2483 3239 his

236 3266 414 3310 tamen
452 3266 631 3324 aperte
669 3266 718 3310 et
754 3256 982 3311 candide
1007 3275 1043 3308 a
1075 3257 1322 3324 partibus
1360 3268 1465 3311 stat
1488 3257 1956 3326 Aquileyiensium,
1995 3258 2181 3312 Severi
2216 3261 2283 3312 de
2314 3277 2482 3312 causa

235 3330 502 3383 communi
536 3329 985 3398 Aquileqiensium
1022 3330 1362 3397 defectionem
1386 3334 1586 3384 scisma
1612 3349 1806 3383 vocans
1833 3341 1989 3397 atque
2026 3349 2272 3384 errorem.
2353 3332 2481 3384 Gre-

234 3402 385 3473 gorio
424 3420 546 3456 vero
585 3412 634 3456 et
671 3403 930 3455 Romanis
967 3404 1253 3455 scismatici
1288 3413 1414 3455 sunt
1448 3403 1558 3470 ipsi
1593 3403 2008 3471 Aquileqienses,
2062 3421 2119 3456 eo
2158 3406 2300 3471 quod
2336 3406 2478 3457 nole·

238 3477 369 3528 bant
404 3477 555 3542 sequi
593 3475 958 3529 auctoritatem
989 3483 1036 3528 et
1086 3477 1379 3543 exemplum
1403 3476 1715 3544 pontificum
1753 3477 2132 3540 Romanorum,
2183 3477 2276 3542 qui
2305 3475 2480 3543 primo

236 3551 303 3602 ob
339 3548 641 3601 Justiniani
660 3548 954 3619 jussionem
992 3556 1041 3602 et
1067 3551 1407 3615 postmodum
1443 3550 1505 3601 ob
1548 3566 1740 3615 pacem
1790 3548 2034 3602 ecclesiae
2086 3547 2192 3600 tria
2242 3550 2481 3616 capitula

234 3640 348 3675 non
388 3622 600 3688 quidem
635 3623 982 3686 damnarunt,
1020 3622 1113 3675 sed
1150 3639 1331 3674 sorum
1367 3620 1772 3674 damnatoribus
1822 3621 2288 3675 communicarunt.
2366 3623 2479 3673 ΒΕ.

239 3693 298 3762 1)
339 3695 429 3746 ‘In
466 3712 586 3748 voce
623 3713 819 3762 sparsa
829 3696 937 3763 fra
966 3697 1021 3746 la
1047 3695 1221 3763 plebe,
1261 3711 1288 3746 e
1311 3695 1477 3747 Paolo
1504 3712 1666 3762 prese
1691 3711 1807 3746 una
1832 3696 1912 3747 tal
1946 3694 2151 3746 diceria
2178 3712 2282 3761 per
2322 3695 2483 3747 buoni

234 3766 438 3821 danari
473 3767 740 3821 contanti'.
767 3771 940 3822 MUR.
1018 3768 1316 3821 Revocatus
1338 3766 1458 3832 fuit
1497 3776 1619 3819 ante
1655 3768 1886 3821 medium
1913 3786 1960 3819 a.
2002 3768 2108 3818 590
2124 3786 2141 3829 ;
2182 3778 2305 3820 tunc
2344 3769 2480 3822 enim

235 3841 516 3894 Romanus
553 3843 664 3911 ejus
700 3859 968 3894 successor
989 3842 1110 3908 jam
1160 3841 1434 3907 epistolam
1486 3838 1696 3908 scripsit
1744 3842 1820 3894 ad
1871 3839 2275 3906 C'hildebertum,
2331 3843 2482 3909 apud

236 3913 607 3966 Ducltesnium
644 3914 692 3978 1,
732 3916 871 3976 8⁷1,-
921 3915 1095 3982 Bouq.
1135 3914 1240 3979 IV,
1279 3915 1381 3975 86,·
1440 3913 1618 3981 Troya
1654 3914 1703 3977 I,
1757 3916 1843 3966 64.
1881 3916 1995 3966 BE.
2146 3912 2205 3981 2)
2245 3915 2479 3967 Marano

224 4003 402 4055 prope
452 3987 712 4054 Venetias,
751 3988 810 4040 in
847 3987 1081 4055 Laquna
1136 3989 1225 4040 del
1260 3987 1456 4040 Friuli.
1549 3987 1686 4039 Acta
1743 3988 1900 4056 hujus
1957 3987 2149 4055 synodi
2201 3988 2480 4054 deperdita

235 4067 390 4121 sunt5
429 4060 495 4113 de
533 4077 598 4114 ea
634 4070 852 4131 eqerwnt
891 4059 1140 4114 Nor-isius
1178 4061 1246 4114 de
1282 4062 1470 4127 quinta
1506 4060 1708 4128 synodo
1746 4060 1847 4125 IX,
1892 4062 1951 4122 1,·
1989 4059 2194 4129 Paqius
2233 4067 2282 4114 et
2319 4061 2477 4112 Man-

231 4134 346 4186 sius
384 4134 460 4186 ad
483 4134 689 4187 Baron.
729 4152 785 4187 a.
812 4135 949 4196 590,·
985 4135 1072 4188 De
1110 4133 1325 4198 Rubeis,
1364 4134 1509 4187 M'on.
1552 4131 1732 4200 Aquil.
1772 4152 1816 4187 c.
1858 4134 1946 4185 29.
2005 4135 2120 4185 ΒΕ.
2270 4132 2331 4201 3)
2368 4134 2404 4186 i.
2434 4151 2478 4186 e.
2687 4124 2715 4155 ⁸

235 4204 488 4259 scissione
543 4207 684 4260 inter
733 4207 1000 4275 episcopos
1063 4205 1393 4276 Aquileyiae,
1463 4224 1691 4275 eousque
1748 4208 1806 4259 in
1855 4206 2092 4260 vitandis
2130 4208 2290 4260 trium
2328 4208 2477 4273 capi-

235 4280 470 4331 tulorum
524 4281 926 4333 damnatoribus
985 4282 1281 4346 concordes,
1339 4290 1400 4333 ut
1453 4287 1589 4334 recte
1645 4281 1875 4347 explicat
1929 4279 2013 4333 De
2069 4279 2285 4333 Rubeis.
2360 4281 2476 4336 BE.

234 4353 292 4419 4)
331 4351 513 4405 Altino
541 4370 713 4420 prope
758 4353 999 4406 Torcelli.

1947 4454 2017 4505 9.
