<?xml version="1.0" encoding="UTF-8"?>
<!DOCTYPE html PUBLIC "-//W3C//DTD XHTML 1.0 Transitional//EN"
    "http://www.w3.org/TR/xhtml1/DTD/xhtml1-transitional.dtd">
<html xmlns="http://www.w3.org/1999/xhtml" xml:lang="en" lang="en">
 <head>
  <title>
</title>
<meta http-equiv="Content-Type" content="text/html;charset=utf-8" />
  <meta name='ocr-system' content='tesseract 3.04.00' />
  <meta name='ocr-capabilities' content='ocr_page ocr_carea ocr_par ocr_line ocrx_word'/>
</head>
<body>
  <div class='ocr_page' id='page_1' title='image "./paulihistoriala01waitgoog_0156.png"; bbox 0 0 3042 4909; ppageno 0'>
   <div class='ocr_carea' id='block_1_1' title="bbox 321 2098 534 2152">
    <p class='ocr_par' dir='ltr' id='par_1_1' title="bbox 321 2098 534 2152">
     <span class='ocr_line' id='line_1_1' title="bbox 321 2098 534 2152; baseline 0.005 -10"><span class='ocrx_word' id='word_1_1' title='bbox 321 2098 397 2152; x_wconf 67' lang='grc' dir='ltr'><strong>Ἰ).</strong></span> <span class='ocrx_word' id='word_1_2' title='bbox 434 2103 534 2143; x_wconf 88' lang='grc'><strong>110.</strong></span> 
     </span>
    </p>
   </div>
   <div class='ocr_carea' id='block_1_2' title="bbox 556 398 2537 454">
    <p class='ocr_par' dir='ltr' id='par_1_2' title="bbox 556 398 2537 454">
     <span class='ocr_line' id='line_1_2' title="bbox 556 398 2537 454; baseline 0.001 -3"><span class='ocrx_word' id='word_1_3' title='bbox 556 402 659 451; x_wconf 85' lang='grc'><strong>148</strong></span> <span class='ocrx_word' id='word_1_4' title='bbox 849 401 1069 451; x_wconf 78' lang='lat' dir='ltr'>PAULI</span> <span class='ocrx_word' id='word_1_5' title='bbox 1112 400 1460 452; x_wconf 76' lang='lat' dir='ltr'>HISTORIA</span> <span class='ocrx_word' id='word_1_6' title='bbox 1499 398 2179 452; x_wconf 80' lang='lat' dir='ltr'><strong>LANGOBARDORUM.</strong></span> <span class='ocrx_word' id='word_1_7' title='bbox 2255 400 2398 452; x_wconf 87' lang='lat' dir='ltr'><strong>LIB.</strong></span> <span class='ocrx_word' id='word_1_8' title='bbox 2438 402 2537 454; x_wconf 84' lang='lat' dir='ltr'><strong>IV.</strong></span> 
     </span>
    </p>
   </div>
   <div class='ocr_carea' id='block_1_3' title="bbox 547 566 2794 2156">
    <p class='ocr_par' dir='ltr' id='par_1_3' title="bbox 547 566 2794 2156">
     <span class='ocr_line' id='line_1_3' title="bbox 552 566 2794 653; baseline 0.001 -21"><span class='ocrx_word' id='word_1_9' title='bbox 552 578 767 632; x_wconf 86' lang='lat' dir='ltr'><strong>vestra</strong></span> <span class='ocrx_word' id='word_1_10' title='bbox 822 567 1275 631; x_wconf 90' lang='lat' dir='ltr'><strong>confidendum</strong></span> <span class='ocrx_word' id='word_1_11' title='bbox 1330 566 1469 647; x_wconf 89' lang='lat' dir='ltr'><strong>fuit,</strong></span> <span class='ocrx_word' id='word_1_12' title='bbox 1514 567 1641 629; x_wconf 88' lang='lat' dir='ltr'><strong>nisi</strong></span> <span class='ocrx_word' id='word_1_13' title='bbox 1695 567 1847 652; x_wconf 89' lang='lat' dir='ltr'><strong>quia</strong></span> <span class='ocrx_word' id='word_1_14' title='bbox 1900 568 1968 629; x_wconf 94' lang='lat' dir='ltr'><strong>in</strong></span> <span class='ocrx_word' id='word_1_15' title='bbox 2022 587 2214 630; x_wconf 90' lang='lat' dir='ltr'><strong>causa</strong></span> <span class='ocrx_word' id='word_1_16' title='bbox 2270 567 2451 653; x_wconf 84' lang='lat' dir='ltr'>pacis</span> <span class='ocrx_word' id='word_1_17' title='bbox 2507 566 2794 634; x_wconf 90' lang='lat' dir='ltr'><strong>laborem</strong></span> 
     </span>
     <span class='ocr_line' id='line_1_4' title="bbox 550 647 2794 729; baseline 0 -12"><span class='ocrx_word' id='word_1_18' title='bbox 550 661 615 717; x_wconf 88' lang='lat' dir='ltr'><strong>et</strong></span> <span class='ocrx_word' id='word_1_19' title='bbox 666 650 1015 715; x_wconf 88' lang='lat' dir='ltr'><strong>bonitatem</strong></span> <span class='ocrx_word' id='word_1_20' title='bbox 1068 660 1347 716; x_wconf 87' lang='lat' dir='ltr'><strong>vestram</strong></span> <span class='ocrx_word' id='word_1_21' title='bbox 1404 647 1701 714; x_wconf 91' lang='lat' dir='ltr'><strong>omnibus</strong></span> <span class='ocrx_word' id='word_1_22' title='bbox 1756 651 2254 729; x_wconf 51' lang='lat' dir='ltr'><strong>monstraretis&amp;</strong></span> <span class='ocrx_word' id='word_1_23' title='bbox 2348 650 2538 716; x_wconf 91' lang='lat' dir='ltr'><strong>Unde</strong></span> <span class='ocrx_word' id='word_1_24' title='bbox 2596 655 2794 717; x_wconf 85' lang='lat' dir='ltr'><strong>omni-</strong></span> 
     </span>
     <span class='ocr_line' id='line_1_5' title="bbox 549 734 2789 821; baseline 0.001 -22"><span class='ocrx_word' id='word_1_25' title='bbox 549 736 793 821; x_wconf 82' lang='lat' dir='ltr'>potenti</span> <span class='ocrx_word' id='word_1_26' title='bbox 814 734 958 798; x_wconf 94' lang='lat' dir='ltr'><strong>Deo</strong></span> <span class='ocrx_word' id='word_1_27' title='bbox 1000 735 1237 819; x_wconf 86' lang='lat' dir='ltr'><strong>gratias</strong></span> <span class='ocrx_word' id='word_1_28' title='bbox 1281 734 1551 820; x_wconf 78' lang='lat' dir='ltr'><strong>agimuS,</strong></span> <span class='ocrx_word' id='word_1_29' title='bbox 1595 734 1745 819; x_wconf 78' lang='lat' dir='ltr'><strong>quib</strong></span> <span class='ocrx_word' id='word_1_30' title='bbox 1790 735 1880 800; x_wconf 88' lang='lat' dir='ltr'><strong>ita</strong></span> <span class='ocrx_word' id='word_1_31' title='bbox 1895 754 2019 801; x_wconf 77' lang='lat' dir='ltr'><strong>,cor</strong></span> <span class='ocrx_word' id='word_1_32' title='bbox 2047 742 2335 799; x_wconf 87' lang='lat' dir='ltr'><strong>vestrum</strong></span> <span class='ocrx_word' id='word_1_33' title='bbox 2372 756 2488 798; x_wconf 89' lang='lat' dir='ltr'><strong>sua</strong></span> <span class='ocrx_word' id='word_1_34' title='bbox 2515 737 2789 820; x_wconf 79' lang='lat' dir='ltr'><strong>pietate⁰</strong></span> 
     </span>
     <span class='ocr_line' id='line_1_6' title="bbox 548 816 2788 916; baseline 0.001 -34"><span class='ocrx_word' id='word_1_35' title='bbox 548 822 731 904; x_wconf 91' lang='lat' dir='ltr'><strong>regit,</strong></span> <span class='ocrx_word' id='word_1_36' title='bbox 776 827 865 899; x_wconf 94' lang='lat' dir='ltr'><strong>ut,</strong></span> <span class='ocrx_word' id='word_1_37' title='bbox 912 818 1079 883; x_wconf 88' lang='lat' dir='ltr'><strong>sicut</strong></span> <span class='ocrx_word' id='word_1_38' title='bbox 1118 817 1315 882; x_wconf 91' lang='lat' dir='ltr'><strong>fidem</strong></span> <span class='ocrx_word' id='word_1_39' title='bbox 1349 826 1592 881; x_wconf 92' lang='lat' dir='ltr'><strong>rectam</strong></span> <span class='ocrx_word' id='word_1_40' title='bbox 1633 817 1875 899; x_wconf 81' lang='lat' dir='ltr'><strong>tribuit,</strong></span> <span class='ocrx_word' id='word_1_41' title='bbox 1918 818 2008 882; x_wconf 90' lang='lat' dir='ltr'><strong>ita</strong></span> <span class='ocrx_word' id='word_1_42' title='bbox 2052 839 2309 916; x_wconf 75' lang='lat' dir='ltr'><strong>quoque</strong></span> <span class='ocrx_word' id='word_1_43' title='bbox 2351 816 2622 903; x_wconf 71' lang='lat' dir='ltr'><strong>placita&lt;1</strong></span> <span class='ocrx_word' id='word_1_44' title='bbox 2665 820 2788 884; x_wconf 89' lang='lat' dir='ltr'><strong>sibi</strong></span> 
     </span>
     <span class='ocr_line' id='line_1_7' title="bbox 548 901 2789 987; baseline 0.001 -22"><span class='ocrx_word' id='word_1_45' title='bbox 548 923 663 966; x_wconf 88' lang='lat' dir='ltr'><strong>vos</strong></span> <span class='ocrx_word' id='word_1_46' title='bbox 721 924 974 987; x_wconf 89' lang='lat' dir='ltr'><strong>semper</strong></span> <span class='ocrx_word' id='word_1_47' title='bbox 1033 901 1283 986; x_wconf 88' lang='lat' dir='ltr'><strong>operari</strong></span> <span class='ocrx_word' id='word_1_48' title='bbox 1335 901 1705 965; x_wconf 69' lang='lat' dir='ltr'><strong>concedate.</strong></span> <span class='ocrx_word' id='word_1_49' title='bbox 1799 901 1946 965; x_wconf 89' lang='lat' dir='ltr'><strong>Non</strong></span> <span class='ocrx_word' id='word_1_50' title='bbox 2004 923 2194 983; x_wconf 91' lang='lat' dir='ltr'><strong>emm,</strong></span> <span class='ocrx_word' id='word_1_51' title='bbox 2256 901 2789 967; x_wconf 85' lang='lat' dir='ltr'><strong>excellentissima</strong></span> 
     </span>
     <span class='ocr_line' id='line_1_8' title="bbox 549 983 2786 1070; baseline 0.001 -22"><span class='ocrx_word' id='word_1_52' title='bbox 549 984 698 1068; x_wconf 85' lang='lat' dir='ltr'><strong>filia,</strong></span> <span class='ocrx_word' id='word_1_53' title='bbox 756 986 834 1050; x_wconf 92' lang='lat' dir='ltr'><strong>de</strong></span> <span class='ocrx_word' id='word_1_54' title='bbox 879 985 1209 1070; x_wconf 90' lang='lat' dir='ltr'><strong>sanguine,</strong></span> <span class='ocrx_word' id='word_1_55' title='bbox 1307 986 1377 1047; x_wconf 93' lang='lat' dir='ltr'><strong>ui</strong></span> <span class='ocrx_word' id='word_1_56' title='bbox 1418 984 1501 1048; x_wconf 90' lang='lat' dir='ltr'><strong>ab</strong></span> <span class='ocrx_word' id='word_1_57' title='bbox 1559 994 1829 1070; x_wconf 87' lang='lat' dir='ltr'><strong>utraque</strong></span> <span class='ocrx_word' id='word_1_58' title='bbox 1886 993 2068 1070; x_wconf 88' lang='lat' dir='ltr'><strong>parte</strong></span> <span class='ocrx_word' id='word_1_59' title='bbox 2120 983 2522 1049; x_wconf 73' lang='lat' dir='ltr'><strong>fundendusf</strong></span> <span class='ocrx_word' id='word_1_60' title='bbox 2561 985 2786 1069; x_wconf 89' lang='lat' dir='ltr'><strong>fuerat,</strong></span> 
     </span>
     <span class='ocr_line' id='line_1_9' title="bbox 549 1068 2780 1155; baseline 0.002 -24"><span class='ocrx_word' id='word_1_61' title='bbox 549 1090 818 1155; x_wconf 87' lang='lat' dir='ltr'><strong>parvam</strong></span> <span class='ocrx_word' id='word_1_62' title='bbox 861 1078 922 1132; x_wconf 92' lang='lat' dir='ltr'><strong>te</strong></span> <span class='ocrx_word' id='word_1_63' title='bbox 969 1068 1193 1133; x_wconf 89' lang='lat' dir='ltr'><strong>credas</strong></span> <span class='ocrx_word' id='word_1_64' title='bbox 1322 1068 1593 1154; x_wconf 88' lang='lat' dir='ltr'><strong>quisisse</strong></span> <span class='ocrx_word' id='word_1_65' title='bbox 1610 1079 1639 1122; x_wconf 68' lang='grc' dir='ltr'>ἔ</span> <span class='ocrx_word' id='word_1_66' title='bbox 1681 1068 2060 1132; x_wconf 92' lang='lat' dir='ltr'><strong>mercedem.</strong></span> <span class='ocrx_word' id='word_1_67' title='bbox 2147 1068 2256 1131; x_wconf 83' lang='lat' dir='ltr'><strong>Ex</strong></span> <span class='ocrx_word' id='word_1_68' title='bbox 2285 1090 2413 1154; x_wconf 88' lang='lat' dir='ltr'><strong>qua</strong></span> <span class='ocrx_word' id='word_1_69' title='bbox 2455 1092 2525 1133; x_wconf 90' lang='lat' dir='ltr'><strong>re</strong></span> <span class='ocrx_word' id='word_1_70' title='bbox 2565 1069 2780 1135; x_wconf 85' lang='lat' dir='ltr'><strong>volun-</strong></span> 
     </span>
     <span class='ocr_line' id='line_1_10' title="bbox 549 1151 2789 1238; baseline 0 -22"><span class='ocrx_word' id='word_1_71' title='bbox 549 1154 664 1216; x_wconf 85' lang='lat' dir='ltr'><strong>tati</strong></span> <span class='ocrx_word' id='word_1_72' title='bbox 728 1160 978 1217; x_wconf 88' lang='lat' dir='ltr'><strong>vestrae</strong></span> <span class='ocrx_word' id='word_1_73' title='bbox 1042 1151 1325 1238; x_wconf 81' lang='lat' dir='ltr'><strong>gratias¹1</strong></span> <span class='ocrx_word' id='word_1_74' title='bbox 1398 1151 1742 1216; x_wconf 87' lang='lat' dir='ltr'><strong>referentes</strong></span> <span class='ocrx_word' id='word_1_75' title='bbox 1759 1201 1775 1234; x_wconf 97' lang='lat'><strong>,</strong></span> <span class='ocrx_word' id='word_1_76' title='bbox 1849 1151 1978 1216; x_wconf 92' lang='lat' dir='ltr'><strong>Dei</strong></span> <span class='ocrx_word' id='word_1_77' title='bbox 2030 1152 2233 1215; x_wconf 81' lang='lat' dir='ltr'><strong>nostri</strong></span> <span class='ocrx_word' id='word_1_78' title='bbox 2288 1152 2789 1218; x_wconf 84' lang='lat' dir='ltr'><strong>misericordiam</strong></span> 
     </span>
     <span class='ocr_line' id='line_1_11' title="bbox 549 1234 2789 1321; baseline 0 -21"><span class='ocrx_word' id='word_1_79' title='bbox 549 1235 983 1321; x_wconf 72' lang='lat' dir='ltr'><strong>deprecamur,</strong></span> <span class='ocrx_word' id='word_1_80' title='bbox 1028 1246 1101 1300; x_wconf 85' lang='lat' dir='ltr'><strong>ut</strong></span> <span class='ocrx_word' id='word_1_81' title='bbox 1143 1234 1459 1300; x_wconf 92' lang='lat' dir='ltr'><strong>bonorum</strong></span> <span class='ocrx_word' id='word_1_82' title='bbox 1499 1234 1685 1300; x_wconf 88' lang='lat' dir='ltr'><strong>vobis</strong></span> <span class='ocrx_word' id='word_1_83' title='bbox 1741 1235 1948 1300; x_wconf 85' lang='lat' dir='ltr'><strong>vicem</strong></span> <span class='ocrx_word' id='word_1_84' title='bbox 2001 1236 2070 1297; x_wconf 91' lang='lat' dir='ltr'><strong>in</strong></span> <span class='ocrx_word' id='word_1_85' title='bbox 2125 1256 2395 1321; x_wconf 88' lang='lat' dir='ltr'><strong>corpore</strong></span> <span class='ocrx_word' id='word_1_86' title='bbox 2460 1244 2524 1301; x_wconf 92' lang='lat' dir='ltr'><strong>et</strong></span> <span class='ocrx_word' id='word_1_87' title='bbox 2578 1238 2789 1301; x_wconf 83' lang='lat' dir='ltr'><strong>anima</strong></span> 
     </span>
     <span class='ocr_line' id='line_1_12' title="bbox 549 1317 2789 1406; baseline 0 -23"><span class='ocrx_word' id='word_1_88' title='bbox 549 1318 653 1383; x_wconf 87' lang='lat' dir='ltr'><strong>hic</strong></span> <span class='ocrx_word' id='word_1_89' title='bbox 725 1330 789 1384; x_wconf 86' lang='lat' dir='ltr'><strong>et</strong></span> <span class='ocrx_word' id='word_1_90' title='bbox 858 1321 927 1382; x_wconf 93' lang='lat' dir='ltr'><strong>in</strong></span> <span class='ocrx_word' id='word_1_91' title='bbox 989 1319 1203 1383; x_wconf 86' lang='lat' dir='ltr'><strong>futuro</strong></span> <span class='ocrx_word' id='word_1_92' title='bbox 1271 1320 1673 1404; x_wconf 76' lang='lat' dir='ltr'><strong>conpenseti.</strong></span> <span class='ocrx_word' id='word_1_93' title='bbox 1781 1317 2146 1383; x_wconf 86' lang='lat' dir='ltr'><strong>Salutantes</strong></span> <span class='ocrx_word' id='word_1_94' title='bbox 2217 1320 2382 1382; x_wconf 72' lang='lat' dir='ltr'><strong>vosk</strong></span> <span class='ocrx_word' id='word_1_95' title='bbox 2457 1331 2789 1406; x_wconf 85' lang='lat' dir='ltr'><strong>praeterea</strong></span> 
     </span>
     <span class='ocr_line' id='line_1_13' title="bbox 548 1401 2788 1488; baseline 0.001 -23"><span class='ocrx_word' id='word_1_96' title='bbox 548 1412 812 1488; x_wconf 88' lang='lat' dir='ltr'><strong>paterna</strong></span> <span class='ocrx_word' id='word_1_97' title='bbox 855 1401 1192 1467; x_wconf 86' lang='lat' dir='ltr'><strong>dilectione</strong></span> <span class='ocrx_word' id='word_1_98' title='bbox 1238 1403 1580 1483; x_wconf 83' lang='lat' dir='ltr'><strong>hortamur,</strong></span> <span class='ocrx_word' id='word_1_99' title='bbox 1623 1412 1698 1467; x_wconf 91' lang='lat' dir='ltr'><strong>ut</strong></span> <span class='ocrx_word' id='word_1_100' title='bbox 1738 1412 1895 1488; x_wconf 89' lang='lat' dir='ltr'><strong>aput</strong></span> <span class='ocrx_word' id='word_1_101' title='bbox 1927 1401 2531 1467; x_wconf 83' lang='lat' dir='ltr'><strong>excellentissimum</strong></span> <span class='ocrx_word' id='word_1_102' title='bbox 2575 1405 2788 1468; x_wconf 85' lang='lat' dir='ltr'><strong>coniu-</strong></span> 
     </span>
     <span class='ocr_line' id='line_1_14' title="bbox 547 1484 2787 1574; baseline 0.001 -24"><span class='ocrx_word' id='word_1_103' title='bbox 547 1488 725 1572; x_wconf 87' lang='lat' dir='ltr'><strong>gem¹</strong></span> <span class='ocrx_word' id='word_1_104' title='bbox 784 1494 1064 1550; x_wconf 86' lang='lat' dir='ltr'><strong>vestrum</strong></span> <span class='ocrx_word' id='word_1_105' title='bbox 1107 1484 1216 1548; x_wconf 81' lang='lat' dir='ltr'><strong>illa</strong></span> <span class='ocrx_word' id='word_1_106' title='bbox 1258 1487 1462 1570; x_wconf 86' lang='lat' dir='ltr'><strong>agatis</strong></span> <span class='ocrx_word' id='word_1_107' title='bbox 1477 1535 1493 1568; x_wconf 93' lang='lat'><strong>,</strong></span> <span class='ocrx_word' id='word_1_108' title='bbox 1598 1495 1869 1551; x_wconf 89' lang='lat' dir='ltr'><strong>uatenus</strong></span> <span class='ocrx_word' id='word_1_109' title='bbox 1911 1485 2295 1550; x_wconf 83' lang='lat' dir='ltr'><strong>christianae</strong></span> <span class='ocrx_word' id='word_1_110' title='bbox 2355 1487 2450 1551; x_wconf 93' lang='lat' dir='ltr'><strong>rei</strong></span> <span class='ocrx_word' id='word_1_111' title='bbox 2490 1486 2787 1574; x_wconf 83' lang='lat' dir='ltr'><strong>publicae</strong></span> 
     </span>
     <span class='ocr_line' id='line_1_15' title="bbox 549 1569 2786 1654; baseline -0 -21"><span class='ocrx_word' id='word_1_112' title='bbox 549 1570 921 1634; x_wconf 87' lang='lat' dir='ltr'><strong>societatem</strong></span> <span class='ocrx_word' id='word_1_113' title='bbox 962 1592 1091 1633; x_wconf 93' lang='lat' dir='ltr'><strong>non</strong></span> <span class='ocrx_word' id='word_1_114' title='bbox 1132 1579 1466 1633; x_wconf 79' lang='lat' dir='ltr'><strong>rennuatm.</strong></span> <span class='ocrx_word' id='word_1_115' title='bbox 1614 1591 1721 1633; x_wconf 88' lang='lat' dir='ltr'><strong>am</strong></span> <span class='ocrx_word' id='word_1_116' title='bbox 1763 1571 1927 1633; x_wconf 90' lang='lat' dir='ltr'><strong>sicut</strong></span> <span class='ocrx_word' id='word_1_117' title='bbox 1970 1579 2034 1634; x_wconf 89' lang='lat' dir='ltr'><strong>et</strong></span> <span class='ocrx_word' id='word_1_118' title='bbox 2073 1590 2192 1634; x_wconf 85' lang='lat' dir='ltr'><strong>vos</strong></span> <span class='ocrx_word' id='word_1_119' title='bbox 2236 1569 2398 1635; x_wconf 85' lang='lat' dir='ltr'><strong>scire</strong></span> <span class='ocrx_word' id='word_1_120' title='bbox 2443 1569 2786 1654; x_wconf 73' lang='lat' dir='ltr'><strong>credimuS,</strong></span> 
     </span>
     <span class='ocr_line' id='line_1_16' title="bbox 548 1652 2785 1734; baseline 0.001 -18"><span class='ocrx_word' id='word_1_121' title='bbox 548 1652 763 1717; x_wconf 75' lang='lat' dir='ltr'><strong>multis</strong></span> <span class='ocrx_word' id='word_1_122' title='bbox 828 1654 1034 1717; x_wconf 91' lang='lat' dir='ltr'><strong>modis</strong></span> <span class='ocrx_word' id='word_1_123' title='bbox 1100 1661 1196 1715; x_wconf 89' lang='lat' dir='ltr'><strong>est</strong></span> <span class='ocrx_word' id='word_1_124' title='bbox 1257 1652 1441 1734; x_wconf 80' lang='lat' dir='ltr'><strong>utile,</strong></span> <span class='ocrx_word' id='word_1_125' title='bbox 1502 1652 1559 1716; x_wconf 88' lang='lat' dir='ltr'><strong>si</strong></span> <span class='ocrx_word' id='word_1_126' title='bbox 1614 1675 1682 1717; x_wconf 90' lang='lat' dir='ltr'><strong>se</strong></span> <span class='ocrx_word' id='word_1_127' title='bbox 1737 1652 1821 1717; x_wconf 88' lang='lat' dir='ltr'><strong>ad</strong></span> <span class='ocrx_word' id='word_1_128' title='bbox 1878 1654 2016 1719; x_wconf 89' lang='lat' dir='ltr'><strong>eius</strong></span> <span class='ocrx_word' id='word_1_129' title='bbox 2080 1653 2430 1717; x_wconf 74' lang='lat' dir='ltr'><strong>amicitiam</strong></span> <span class='ocrx_word' id='word_1_130' title='bbox 2496 1655 2785 1718; x_wconf 86' lang='lat' dir='ltr'><strong>conferre</strong></span> 
     </span>
     <span class='ocr_line' id='line_1_17' title="bbox 549 1735 2787 1822; baseline 0.001 -23"><span class='ocrx_word' id='word_1_131' title='bbox 549 1735 843 1801; x_wconf 83' lang='lat' dir='ltr'><strong>voluerit.</strong></span> <span class='ocrx_word' id='word_1_132' title='bbox 909 1736 1043 1801; x_wconf 89' lang='lat' dir='ltr'><strong>Vos</strong></span> <span class='ocrx_word' id='word_1_133' title='bbox 1101 1757 1255 1818; x_wconf 90' lang='lat' dir='ltr'><strong>ergo</strong></span> <span class='ocrx_word' id='word_1_134' title='bbox 1314 1757 1491 1800; x_wconf 92' lang='lat' dir='ltr'><strong>more</strong></span> <span class='ocrx_word' id='word_1_135' title='bbox 1547 1747 1761 1801; x_wconf 87' lang='lat' dir='ltr'><strong>vestro</strong></span> <span class='ocrx_word' id='word_1_136' title='bbox 1805 1758 1971 1822; x_wconf 88' lang='lat' dir='ltr'><strong>quae</strong></span> <span class='ocrx_word' id='word_1_137' title='bbox 2026 1737 2113 1800; x_wconf 85' lang='lat' dir='ltr'><strong>ad</strong></span> <span class='ocrx_word' id='word_1_138' title='bbox 2152 1736 2421 1821; x_wconf 83' lang='lat' dir='ltr'><strong>gratiam</strong></span> <span class='ocrx_word' id='word_1_139' title='bbox 2464 1738 2740 1822; x_wconf 87' lang='lat' dir='ltr'><strong>partium</strong></span> <span class='ocrx_word' id='word_1_140' title='bbox 2760 1750 2787 1779; x_wconf 88' lang='lat'><strong>¹¹</strong></span> 
     </span>
     <span class='ocr_line' id='line_1_18' title="bbox 547 1819 2788 1966; baseline 0 -82"><span class='ocrx_word' id='word_1_141' title='bbox 547 1821 868 1966; x_wconf 60' lang='lat' dir='ltr'><strong>gertinent</strong></span> <span class='ocrx_word' id='word_1_142' title='bbox 930 1841 1182 1905; x_wconf 86' lang='lat' dir='ltr'><strong>semper</strong></span> <span class='ocrx_word' id='word_1_143' title='bbox 1245 1819 1524 1884; x_wconf 87' lang='lat' dir='ltr'><strong>studete⁰</strong></span> <span class='ocrx_word' id='word_1_144' title='bbox 1588 1828 1801 1906; x_wconf 89' lang='lat' dir='ltr'><strong>atque,</strong></span> <span class='ocrx_word' id='word_1_145' title='bbox 1864 1822 1976 1885; x_wconf 92' lang='lat' dir='ltr'><strong>ubi</strong></span> <span class='ocrx_word' id='word_1_146' title='bbox 2042 1829 2278 1884; x_wconf 58' lang='lat' dir='ltr'><strong>causa?</strong></span> <span class='ocrx_word' id='word_1_147' title='bbox 2343 1819 2655 1886; x_wconf 84' lang='lat' dir='ltr'><strong>mercedis</strong></span> <span class='ocrx_word' id='word_1_148' title='bbox 2720 1843 2788 1884; x_wconf 87' lang='lat' dir='ltr'><strong>se</strong></span> 
     </span>
     <span class='ocr_line' id='line_1_19' title="bbox 596 1901 2793 1990; baseline 0 -23"><span class='ocrx_word' id='word_1_149' title='bbox 596 1903 814 1985; x_wconf 85' lang='lat' dir='ltr'><strong>ederit,</strong></span> <span class='ocrx_word' id='word_1_150' title='bbox 861 1901 1200 1984; x_wconf 88' lang='lat' dir='ltr'><strong>elaborate,</strong></span> <span class='ocrx_word' id='word_1_151' title='bbox 1244 1912 1316 1967; x_wconf 91' lang='lat' dir='ltr'><strong>ut</strong></span> <span class='ocrx_word' id='word_1_152' title='bbox 1342 1901 1513 1967; x_wconf 89' lang='lat' dir='ltr'><strong>bona</strong></span> <span class='ocrx_word' id='word_1_153' title='bbox 1563 1914 1778 1968; x_wconf 87' lang='lat' dir='ltr'><strong>vestra</strong></span> <span class='ocrx_word' id='word_1_154' title='bbox 1828 1926 1932 1967; x_wconf 88' lang='lat' dir='ltr'><strong>am</strong></span> <span class='ocrx_word' id='word_1_155' title='bbox 1981 1902 2107 1967; x_wconf 93' lang='lat' dir='ltr'><strong>lius</strong></span> <span class='ocrx_word' id='word_1_156' title='bbox 2148 1912 2296 1967; x_wconf 89' lang='lat' dir='ltr'><strong>ante</strong></span> <span class='ocrx_word' id='word_1_157' title='bbox 2342 1906 2793 1990; x_wconf 87' lang='lat' dir='ltr'><strong>omnipotentis</strong></span> 
     </span>
     <span class='ocr_line' id='line_1_20' title="bbox 553 1927 2790 2073; baseline 0.001 -23"><span class='ocrx_word' id='word_1_158' title='bbox 553 1987 680 2050; x_wconf 92' lang='lat' dir='ltr'><strong>Dei</strong></span> <span class='ocrx_word' id='word_1_159' title='bbox 704 1985 921 2050; x_wconf 90' lang='lat' dir='ltr'><strong>oculos</strong></span> <span class='ocrx_word' id='word_1_160' title='bbox 947 1985 1442 2051; x_wconf 89' lang='lat' dir='ltr'><strong>commendetis&#39;.</strong></span> <span class='ocrx_word' id='word_1_161' title='bbox 1493 1988 1703 2051; x_wconf 67' lang='lat' dir='ltr'><strong>Itemq</strong></span> <span class='ocrx_word' id='word_1_162' title='bbox 1732 1927 2000 2072; x_wconf 62' lang='lat' dir='ltr'><strong>epistofa</strong></span> <span class='ocrx_word' id='word_1_163' title='bbox 2019 1988 2310 2053; x_wconf 91' lang='lat' dir='ltr'><strong>eiusdem</strong></span> <span class='ocrx_word' id='word_1_164' title='bbox 2329 1988 2416 2051; x_wconf 85' lang='lat' dir='ltr'><strong>ad</strong></span> <span class='ocrx_word' id='word_1_165' title='bbox 2434 1987 2790 2073; x_wconf 87' lang='lat' dir='ltr'><strong>Agilulfum</strong></span> 
     </span>
     <span class='ocr_line' id='line_1_21' title="bbox 554 2068 2789 2156; baseline 0.001 -22"><span class='ocrx_word' id='word_1_166' title='bbox 554 2092 772 2155; x_wconf 91' lang='lat' dir='ltr'><strong>regem</strong></span> <span class='ocrx_word' id='word_1_167' title='bbox 792 2084 840 2134; x_wconf 91' lang='lat'><strong>¹:</strong></span> <span class='ocrx_word' id='word_1_168' title='bbox 884 2069 1292 2156; x_wconf 55' lang='lat' dir='ltr'><strong>“Gregorius</strong></span> <span class='ocrx_word' id='word_1_169' title='bbox 1320 2068 1605 2155; x_wconf 87' lang='lat' dir='ltr'><strong>Agilulfo</strong></span> <span class='ocrx_word' id='word_1_170' title='bbox 1624 2083 1648 2113; x_wconf 81' lang='lat' dir='ltr'><strong>r</strong></span> <span class='ocrx_word' id='word_1_171' title='bbox 1689 2072 1831 2156; x_wconf 90' lang='lat' dir='ltr'><strong>regi</strong></span> <span class='ocrx_word' id='word_1_172' title='bbox 1861 2070 2449 2156; x_wconf 85' lang='lat' dir='ltr'><strong>Langobardorum.</strong></span> <span class='ocrx_word' id='word_1_173' title='bbox 2538 2071 2789 2137; x_wconf 81' lang='lat' dir='ltr'><strong>Gratias</strong></span> 
     </span>
    </p>
   </div>
   <div class='ocr_carea' id='block_1_4' title="bbox 547 2195 2794 2776">
    <p class='ocr_par' dir='ltr' id='par_1_4' title="bbox 547 2195 2794 2776">
     <span class='ocr_line' id='line_1_22' title="bbox 555 2195 2792 2248; baseline 0.001 -11"><span class='ocrx_word' id='word_1_174' title='bbox 555 2196 601 2248; x_wconf 97' lang='lat' dir='ltr'><strong>a)</strong></span> <span class='ocrx_word' id='word_1_175' title='bbox 634 2198 1010 2237; x_wconf 82' lang='lat' dir='ltr'><strong>demonstraretis</strong></span> <span class='ocrx_word' id='word_1_176' title='bbox 1041 2198 1078 2236; x_wconf 78' lang='lat' dir='ltr'><strong>F</strong></span> <span class='ocrx_word' id='word_1_177' title='bbox 1109 2198 1162 2245; x_wconf 74' lang='lat'><strong>43</strong></span> <span class='ocrx_word' id='word_1_178' title='bbox 1196 2198 1517 2237; x_wconf 85' lang='lat' dir='ltr'><strong>demonstretis</strong></span> <span class='ocrx_word' id='word_1_179' title='bbox 1554 2195 1595 2237; x_wconf 85' lang='lat' dir='ltr'>G</span> <span class='ocrx_word' id='word_1_180' title='bbox 1628 2198 1769 2247; x_wconf 77' lang='lat'>1-43</span> <span class='ocrx_word' id='word_1_181' title='bbox 1801 2197 2127 2239; x_wconf 86' lang='lat' dir='ltr'><strong>demonstratis</strong></span> <span class='ocrx_word' id='word_1_182' title='bbox 2161 2195 2298 2246; x_wconf 54' lang='grc' dir='ltr'><strong>(ἴδας</strong></span> <span class='ocrx_word' id='word_1_183' title='bbox 2330 2198 2647 2238; x_wconf 76' lang='lat' dir='ltr'><strong>monstraretis</strong></span> <span class='ocrx_word' id='word_1_184' title='bbox 2678 2197 2714 2236; x_wconf 80' lang='lat' dir='ltr'><strong>F</strong></span> <span class='ocrx_word' id='word_1_185' title='bbox 2746 2197 2792 2240; x_wconf 86' lang='lat'><strong>5.</strong></span> 
     </span>
     <span class='ocr_line' id='line_1_23' title="bbox 552 2253 2794 2307; baseline 0 -12"><span class='ocrx_word' id='word_1_186' title='bbox 552 2255 612 2307; x_wconf 84' lang='lat' dir='ltr'><strong>b)&#39;</strong></span> <span class='ocrx_word' id='word_1_187' title='bbox 631 2257 740 2305; x_wconf 85' lang='lat' dir='ltr'><strong>quia</strong></span> <span class='ocrx_word' id='word_1_188' title='bbox 770 2254 811 2294; x_wconf 89' lang='lat' dir='ltr'>A</span> <span class='ocrx_word' id='word_1_189' title='bbox 845 2258 887 2298; x_wconf 91' lang='grc'><strong>1.</strong></span> <span class='ocrx_word' id='word_1_190' title='bbox 921 2256 963 2295; x_wconf 89' lang='lat' dir='ltr'>D</span> <span class='ocrx_word' id='word_1_191' title='bbox 999 2257 1041 2298; x_wconf 83' lang='lat'><strong>2.</strong></span> <span class='ocrx_word' id='word_1_192' title='bbox 1070 2256 1122 2296; x_wconf 79' lang='lat' dir='ltr'><strong>F.</strong></span> <span class='ocrx_word' id='word_1_193' title='bbox 1158 2255 1212 2297; x_wconf 76' lang='lat' dir='ltr'><strong>G.</strong></span> <span class='ocrx_word' id='word_1_194' title='bbox 1350 2254 1392 2307; x_wconf 90' lang='lat' dir='ltr'><strong>c)</strong></span> <span class='ocrx_word' id='word_1_195' title='bbox 1425 2257 1648 2305; x_wconf 83' lang='lat' dir='ltr'><strong>pietatem</strong></span> <span class='ocrx_word' id='word_1_196' title='bbox 1678 2256 1715 2294; x_wconf 80' lang='lat' dir='ltr'><strong>F</strong></span> <span class='ocrx_word' id='word_1_197' title='bbox 1749 2258 1789 2296; x_wconf 91' lang='lat'><strong>1.</strong></span> <span class='ocrx_word' id='word_1_198' title='bbox 1922 2253 1969 2307; x_wconf 87' lang='lat' dir='ltr'><strong>d)</strong></span> <span class='ocrx_word' id='word_1_199' title='bbox 2002 2256 2221 2305; x_wconf 77' lang='lat' dir='ltr'><strong>placitam</strong></span> <span class='ocrx_word' id='word_1_200' title='bbox 2250 2256 2289 2294; x_wconf 76' lang='lat' dir='ltr'><strong>F</strong></span> <span class='ocrx_word' id='word_1_201' title='bbox 2322 2257 2362 2296; x_wconf 88' lang='lat'><strong>1.</strong></span> <span class='ocrx_word' id='word_1_202' title='bbox 2502 2254 2546 2306; x_wconf 89' lang='lat' dir='ltr'><strong>e)</strong></span> <span class='ocrx_word' id='word_1_203' title='bbox 2580 2257 2794 2296; x_wconf 88' lang='lat' dir='ltr'><strong>concedit</strong></span> 
     </span>
     <span class='ocr_line' id='line_1_24' title="bbox 551 2311 2787 2365; baseline 0 -10"><span class='ocrx_word' id='word_1_204' title='bbox 551 2315 593 2355; x_wconf 88' lang='lat' dir='ltr'>A</span> <span class='ocrx_word' id='word_1_205' title='bbox 625 2316 666 2357; x_wconf 84' lang='grc'><strong>2.</strong></span> <span class='ocrx_word' id='word_1_206' title='bbox 699 2315 741 2357; x_wconf 78' lang='lat'><strong>3.</strong></span> <span class='ocrx_word' id='word_1_207' title='bbox 771 2315 810 2352; x_wconf 90' lang='grc' dir='ltr'>Β</span> <span class='ocrx_word' id='word_1_208' title='bbox 844 2315 884 2353; x_wconf 87' lang='grc'><strong>2.</strong></span> <span class='ocrx_word' id='word_1_209' title='bbox 911 2314 953 2355; x_wconf 77' lang='grc' dir='ltr'><strong>Ὀ</strong></span> <span class='ocrx_word' id='word_1_210' title='bbox 976 2315 1016 2353; x_wconf 83' lang='grc'><strong>2.</strong></span> <span class='ocrx_word' id='word_1_211' title='bbox 1050 2315 1092 2354; x_wconf 89' lang='lat' dir='ltr'>D</span> <span class='ocrx_word' id='word_1_212' title='bbox 1115 2315 1155 2355; x_wconf 89' lang='lat'><strong>1.</strong></span> <span class='ocrx_word' id='word_1_213' title='bbox 1191 2316 1230 2365; x_wconf 84' lang='grc'><strong>2,</strong></span> <span class='ocrx_word' id='word_1_214' title='bbox 1263 2314 1358 2353; x_wconf 80' lang='lat' dir='ltr'><strong>alii.</strong></span> <span class='ocrx_word' id='word_1_215' title='bbox 1446 2313 1482 2364; x_wconf 77' lang='lat' dir='ltr'><strong>f)</strong></span> <span class='ocrx_word' id='word_1_216' title='bbox 1513 2315 1624 2353; x_wconf 76' lang='lat' dir='ltr'><strong>deest</strong></span> <span class='ocrx_word' id='word_1_217' title='bbox 1654 2314 1696 2353; x_wconf 92' lang='lat' dir='ltr'>D</span> <span class='ocrx_word' id='word_1_218' title='bbox 1717 2315 1759 2355; x_wconf 82' lang='lat'><strong>2.</strong></span> <span class='ocrx_word' id='word_1_219' title='bbox 1851 2311 1899 2365; x_wconf 74' lang='lat' dir='ltr'><strong>g)</strong></span> <span class='ocrx_word' id='word_1_220' title='bbox 1932 2315 2212 2363; x_wconf 82' lang='lat' dir='ltr'><strong>adquissiset</strong></span> <span class='ocrx_word' id='word_1_221' title='bbox 2239 2315 2337 2354; x_wconf 70' lang='lat' dir='ltr'><strong>Pl.</strong></span> <span class='ocrx_word' id='word_1_222' title='bbox 2428 2313 2477 2365; x_wconf 82' lang='lat' dir='ltr'><strong>h)</strong></span> <span class='ocrx_word' id='word_1_223' title='bbox 2511 2316 2661 2363; x_wconf 75' lang='lat' dir='ltr'><strong>gratia</strong></span> <span class='ocrx_word' id='word_1_224' title='bbox 2691 2315 2787 2356; x_wconf 63' lang='lat'><strong>1³1.</strong></span> 
     </span>
     <span class='ocr_line' id='line_1_25' title="bbox 552 2370 2792 2424; baseline 0.001 -11"><span class='ocrx_word' id='word_1_225' title='bbox 552 2374 587 2424; x_wconf 92' lang='lat' dir='ltr'><strong>i)</strong></span> <span class='ocrx_word' id='word_1_226' title='bbox 620 2375 730 2413; x_wconf 81' lang='lat' dir='ltr'><strong>deest</strong></span> <span class='ocrx_word' id='word_1_227' title='bbox 764 2373 805 2413; x_wconf 83' lang='lat' dir='ltr'>G</span> <span class='ocrx_word' id='word_1_228' title='bbox 836 2375 876 2424; x_wconf 87' lang='lat'><strong>1,</strong></span> <span class='ocrx_word' id='word_1_229' title='bbox 924 2374 1001 2412; x_wconf 83' lang='lat' dir='ltr'><strong>ubi</strong></span> <span class='ocrx_word' id='word_1_230' title='bbox 1039 2378 1142 2422; x_wconf 75' lang='lat' dir='ltr'><strong>post</strong></span> <span class='ocrx_word' id='word_1_231' title='bbox 1187 2374 1337 2412; x_wconf 84' lang='lat' dir='ltr'><strong>vicem</strong></span> <span class='ocrx_word' id='word_1_232' title='bbox 1381 2374 1549 2422; x_wconf 75' lang='lat' dir='ltr'><strong>suppl..·</strong></span> <span class='ocrx_word' id='word_1_233' title='bbox 1597 2372 1786 2422; x_wconf 80' lang='lat' dir='ltr'><strong>reddat3</strong></span> <span class='ocrx_word' id='word_1_234' title='bbox 1834 2373 2058 2413; x_wconf 85' lang='lat' dir='ltr'><strong>concedat</strong></span> <span class='ocrx_word' id='word_1_235' title='bbox 2090 2371 2132 2413; x_wconf 85' lang='lat' dir='ltr'><strong>G·</strong></span> <span class='ocrx_word' id='word_1_236' title='bbox 2163 2375 2205 2413; x_wconf 79' lang='lat'><strong>2.</strong></span> <span class='ocrx_word' id='word_1_237' title='bbox 2359 2370 2410 2424; x_wconf 76' lang='lat' dir='ltr'><strong>k)</strong></span> <span class='ocrx_word' id='word_1_238' title='bbox 2443 2374 2552 2412; x_wconf 80' lang='lat' dir='ltr'><strong>deest</strong></span> <span class='ocrx_word' id='word_1_239' title='bbox 2586 2373 2620 2413; x_wconf 85' lang='lat' dir='ltr'>C</span> <span class='ocrx_word' id='word_1_240' title='bbox 2651 2370 2715 2414; x_wconf 75' lang='lat'><strong>⁹1.</strong></span> <span class='ocrx_word' id='word_1_241' title='bbox 2751 2376 2792 2416; x_wconf 91' lang='lat'><strong>1.</strong></span> 
     </span>
     <span class='ocr_line' id='line_1_26' title="bbox 552 2429 2791 2484; baseline -0 -12"><span class='ocrx_word' id='word_1_242' title='bbox 552 2432 586 2484; x_wconf 94' lang='lat' dir='ltr'><strong>l)</strong></span> <span class='ocrx_word' id='word_1_243' title='bbox 617 2434 847 2472; x_wconf 76' lang='lat' dir='ltr'><strong>seniorem</strong></span> <span class='ocrx_word' id='word_1_244' title='bbox 883 2432 921 2471; x_wconf 88' lang='lat' dir='ltr'>G</span> <span class='ocrx_word' id='word_1_245' title='bbox 941 2433 981 2471; x_wconf 83' lang='lat'><strong>3.</strong></span> <span class='ocrx_word' id='word_1_246' title='bbox 1104 2429 1168 2483; x_wconf 91' lang='lat' dir='ltr'><strong>m)</strong></span> <span class='ocrx_word' id='word_1_247' title='bbox 1201 2435 1402 2471; x_wconf 89' lang='lat' dir='ltr'><strong>renuunt</strong></span> <span class='ocrx_word' id='word_1_248' title='bbox 1431 2431 1473 2469; x_wconf 81' lang='lat' dir='ltr'>A</span> <span class='ocrx_word' id='word_1_249' title='bbox 1492 2434 1539 2480; x_wconf 87' lang='lat'><strong>1;</strong></span> <span class='ocrx_word' id='word_1_250' title='bbox 1572 2431 1730 2470; x_wconf 84' lang='lat' dir='ltr'><strong>renuit</strong></span> <span class='ocrx_word' id='word_1_251' title='bbox 1761 2430 1860 2471; x_wconf 72' lang='lat' dir='ltr'><strong>Ge.</strong></span> <span class='ocrx_word' id='word_1_252' title='bbox 1892 2432 1945 2481; x_wconf 75' lang='lat'><strong>43</strong></span> <span class='ocrx_word' id='word_1_253' title='bbox 1977 2431 2165 2471; x_wconf 82' lang='lat' dir='ltr'><strong>rennuit</strong></span> <span class='ocrx_word' id='word_1_254' title='bbox 2194 2433 2233 2472; x_wconf 88' lang='lat' dir='ltr'>B</span> <span class='ocrx_word' id='word_1_255' title='bbox 2252 2431 2293 2472; x_wconf 84' lang='grc'><strong>2.</strong></span> <span class='ocrx_word' id='word_1_256' title='bbox 2329 2432 2371 2473; x_wconf 77' lang='lat' dir='ltr'>G</span> <span class='ocrx_word' id='word_1_257' title='bbox 2390 2434 2440 2480; x_wconf 78' lang='lat'><strong>13</strong></span> <span class='ocrx_word' id='word_1_258' title='bbox 2472 2433 2656 2471; x_wconf 88' lang='lat' dir='ltr'><strong>renuait</strong></span> <span class='ocrx_word' id='word_1_259' title='bbox 2688 2431 2791 2481; x_wconf 76' lang='lat'><strong>013</strong></span> 
     </span>
     <span class='ocr_line' id='line_1_27' title="bbox 552 2487 2787 2542; baseline -0 -11"><span class='ocrx_word' id='word_1_260' title='bbox 552 2495 751 2533; x_wconf 85' lang='lat' dir='ltr'><strong>rennuat</strong></span> <span class='ocrx_word' id='word_1_261' title='bbox 782 2502 802 2529; x_wconf 88' lang='lat' dir='ltr'><strong>e</strong></span> <span class='ocrx_word' id='word_1_262' title='bbox 831 2502 945 2529; x_wconf 84' lang='lat' dir='ltr'><strong>corr.</strong></span> <span class='ocrx_word' id='word_1_263' title='bbox 980 2491 1021 2529; x_wconf 96' lang='lat' dir='ltr'>D</span> <span class='ocrx_word' id='word_1_264' title='bbox 1042 2491 1080 2529; x_wconf 85' lang='grc'><strong>1.</strong></span> <span class='ocrx_word' id='word_1_265' title='bbox 1172 2487 1221 2540; x_wconf 90' lang='lat' dir='ltr'><strong>n)</strong></span> <span class='ocrx_word' id='word_1_266' title='bbox 1255 2491 1384 2540; x_wconf 86' lang='lat' dir='ltr'><strong>pacis</strong></span> <span class='ocrx_word' id='word_1_267' title='bbox 1403 2489 1466 2539; x_wconf 67' lang='lat'><strong>(33</strong></span> <span class='ocrx_word' id='word_1_268' title='bbox 1498 2491 1610 2529; x_wconf 71' lang='lat' dir='ltr'><strong>deest</strong></span> <span class='ocrx_word' id='word_1_269' title='bbox 1639 2491 1781 2538; x_wconf 77' lang='lat' dir='ltr'><strong>spatio</strong></span> <span class='ocrx_word' id='word_1_270' title='bbox 1812 2500 1949 2529; x_wconf 76' lang='lat' dir='ltr'><strong>vacuo</strong></span> <span class='ocrx_word' id='word_1_271' title='bbox 1979 2490 2123 2528; x_wconf 80' lang='lat' dir='ltr'><strong>relicto</strong></span> <span class='ocrx_word' id='word_1_272' title='bbox 2153 2491 2192 2530; x_wconf 88' lang='lat' dir='ltr'>B</span> <span class='ocrx_word' id='word_1_273' title='bbox 2214 2492 2284 2529; x_wconf 85' lang='lat' dir='ltr'><strong>la.</strong></span> <span class='ocrx_word' id='word_1_274' title='bbox 2377 2490 2421 2542; x_wconf 92' lang='grc'><strong>0)</strong></span> <span class='ocrx_word' id='word_1_275' title='bbox 2450 2491 2727 2530; x_wconf 83' lang='lat' dir='ltr'><strong>studetemF</strong></span> <span class='ocrx_word' id='word_1_276' title='bbox 2745 2492 2787 2532; x_wconf 87' lang='lat'><strong>1.</strong></span> 
     </span>
     <span class='ocr_line' id='line_1_28' title="bbox 549 2544 2790 2600; baseline -0 -11"><span class='ocrx_word' id='word_1_277' title='bbox 549 2548 597 2600; x_wconf 89' lang='lat' dir='ltr'><strong>p)</strong></span> <span class='ocrx_word' id='word_1_278' title='bbox 629 2560 816 2589; x_wconf 89' lang='lat' dir='ltr'><strong>causam</strong></span> <span class='ocrx_word' id='word_1_279' title='bbox 847 2552 886 2588; x_wconf 84' lang='lat' dir='ltr'>A</span> <span class='ocrx_word' id='word_1_280' title='bbox 921 2551 959 2590; x_wconf 90' lang='lat'><strong>1.</strong></span> <span class='ocrx_word' id='word_1_281' title='bbox 997 2569 1048 2578; x_wconf 88' lang='lat'>-</span> <span class='ocrx_word' id='word_1_282' title='bbox 1081 2549 1517 2589; x_wconf 87' lang='lat' dir='ltr'><strong>mercedisedederit</strong></span> <span class='ocrx_word' id='word_1_283' title='bbox 1545 2548 1587 2586; x_wconf 81' lang='lat' dir='ltr'>A</span> <span class='ocrx_word' id='word_1_284' title='bbox 1620 2550 1659 2587; x_wconf 90' lang='lat'><strong>1.</strong></span> <span class='ocrx_word' id='word_1_285' title='bbox 1693 2544 1752 2588; x_wconf 73' lang='grc'><strong>’2.</strong></span> <span class='ocrx_word' id='word_1_286' title='bbox 1785 2550 1829 2589; x_wconf 81' lang='grc'><strong>2.</strong></span> <span class='ocrx_word' id='word_1_287' title='bbox 1878 2546 1912 2589; x_wconf 86' lang='lat' dir='ltr'>C</span> <span class='ocrx_word' id='word_1_288' title='bbox 1945 2547 2006 2588; x_wconf 81' lang='lat'><strong>‘1.</strong></span> <span class='ocrx_word' id='word_1_289' title='bbox 2044 2551 2082 2587; x_wconf 90' lang='lat'><strong>1.</strong></span> <span class='ocrx_word' id='word_1_290' title='bbox 2115 2549 2157 2588; x_wconf 99' lang='lat' dir='ltr'>D</span> <span class='ocrx_word' id='word_1_291' title='bbox 2190 2545 2282 2590; x_wconf 61' lang='grc' dir='ltr'><strong>Ἔα.</strong></span> <span class='ocrx_word' id='word_1_292' title='bbox 2317 2550 2358 2589; x_wconf 86' lang='grc'><strong>9.</strong></span> <span class='ocrx_word' id='word_1_293' title='bbox 2409 2550 2447 2588; x_wconf 76' lang='lat' dir='ltr'><strong>F</strong></span> <span class='ocrx_word' id='word_1_294' title='bbox 2481 2552 2536 2599; x_wconf 74' lang='lat'><strong>13</strong></span> <span class='ocrx_word' id='word_1_295' title='bbox 2566 2550 2790 2589; x_wconf 87' lang='lat' dir='ltr'><strong>mercedis</strong></span> 
     </span>
     <span class='ocr_line' id='line_1_29' title="bbox 550 2602 2787 2656; baseline 0 -9"><span class='ocrx_word' id='word_1_296' title='bbox 550 2609 750 2648; x_wconf 84' lang='lat' dir='ltr'><strong>ediderit</strong></span> <span class='ocrx_word' id='word_1_297' title='bbox 769 2607 803 2648; x_wconf 83' lang='grc' dir='ltr'>Ο</span> <span class='ocrx_word' id='word_1_298' title='bbox 823 2608 862 2647; x_wconf 89' lang='grc'><strong>2.</strong></span> <span class='ocrx_word' id='word_1_299' title='bbox 882 2608 923 2646; x_wconf 96' lang='lat' dir='ltr'>D</span> <span class='ocrx_word' id='word_1_300' title='bbox 946 2609 986 2646; x_wconf 90' lang='lat'><strong>1.</strong></span> <span class='ocrx_word' id='word_1_301' title='bbox 1006 2609 1075 2646; x_wconf 86' lang='lat' dir='ltr'><strong>la.</strong></span> <span class='ocrx_word' id='word_1_302' title='bbox 1095 2607 1137 2647; x_wconf 79' lang='lat'><strong>6.</strong></span> <span class='ocrx_word' id='word_1_303' title='bbox 1156 2607 1192 2646; x_wconf 75' lang='lat' dir='ltr'><strong>F</strong></span> <span class='ocrx_word' id='word_1_304' title='bbox 1209 2608 1251 2647; x_wconf 82' lang='grc'><strong>4.</strong></span> <span class='ocrx_word' id='word_1_305' title='bbox 1274 2605 1315 2647; x_wconf 78' lang='lat' dir='ltr'><strong>G</strong></span> <span class='ocrx_word' id='word_1_306' title='bbox 1335 2609 1474 2656; x_wconf 79' lang='lat'>1—43</span> <span class='ocrx_word' id='word_1_307' title='bbox 1504 2603 1697 2646; x_wconf 80' lang='lat' dir='ltr'><strong>merced&#39;</strong></span> <span class='ocrx_word' id='word_1_308' title='bbox 1720 2617 1770 2647; x_wconf 88' lang='lat' dir='ltr'><strong>se</strong></span> <span class='ocrx_word' id='word_1_309' title='bbox 1787 2602 1916 2646; x_wconf 67' lang='lat' dir='ltr'><strong>dedit</strong></span> <span class='ocrx_word' id='word_1_310' title='bbox 1929 2606 1971 2646; x_wconf 82' lang='lat' dir='ltr'>A</span> <span class='ocrx_word' id='word_1_311' title='bbox 1987 2608 2037 2656; x_wconf 77' lang='lat'><strong>43</strong></span> <span class='ocrx_word' id='word_1_312' title='bbox 2054 2608 2265 2648; x_wconf 82' lang='lat' dir='ltr'><strong>mercede</strong></span> <span class='ocrx_word' id='word_1_313' title='bbox 2285 2618 2336 2647; x_wconf 87' lang='lat' dir='ltr'><strong>se</strong></span> <span class='ocrx_word' id='word_1_314' title='bbox 2353 2608 2532 2647; x_wconf 88' lang='lat' dir='ltr'><strong>dederit</strong></span> <span class='ocrx_word' id='word_1_315' title='bbox 2547 2609 2586 2648; x_wconf 76' lang='lat' dir='ltr'>A</span> <span class='ocrx_word' id='word_1_316' title='bbox 2602 2608 2654 2656; x_wconf 79' lang='lat'><strong>33</strong></span> <span class='ocrx_word' id='word_1_317' title='bbox 2673 2618 2787 2647; x_wconf 84' lang='lat' dir='ltr'><strong>mer·</strong></span> 
     </span>
     <span class='ocr_line' id='line_1_30' title="bbox 547 2663 2787 2716; baseline 0 -10"><span class='ocrx_word' id='word_1_318' title='bbox 547 2667 670 2706; x_wconf 88' lang='lat' dir='ltr'><strong>cedis</strong></span> <span class='ocrx_word' id='word_1_319' title='bbox 703 2666 875 2706; x_wconf 84' lang='lat' dir='ltr'><strong>sederit</strong></span> <span class='ocrx_word' id='word_1_320' title='bbox 902 2666 996 2705; x_wconf 69' lang='lat'><strong>131.</strong></span> <span class='ocrx_word' id='word_1_321' title='bbox 1060 2664 1107 2716; x_wconf 87' lang='lat' dir='ltr'><strong>q)</strong></span> <span class='ocrx_word' id='word_1_322' title='bbox 1143 2667 1258 2705; x_wconf 83' lang='lat' dir='ltr'><strong>Item</strong></span> <span class='ocrx_word' id='word_1_323' title='bbox 1293 2686 1344 2694; x_wconf 95' lang='lat'><strong>—</strong></span> <span class='ocrx_word' id='word_1_324' title='bbox 1378 2676 1533 2715; x_wconf 79' lang='lat' dir='ltr'><strong>regem</strong></span> <span class='ocrx_word' id='word_1_325' title='bbox 1563 2666 1651 2705; x_wconf 76' lang='lat' dir='ltr'><strong>des.</strong></span> <span class='ocrx_word' id='word_1_326' title='bbox 1675 2663 1795 2707; x_wconf 78' lang='lat' dir='ltr'><strong>A·4.</strong></span> <span class='ocrx_word' id='word_1_327' title='bbox 1814 2666 1856 2710; x_wconf 84' lang='lat'><strong>5.</strong></span> <span class='ocrx_word' id='word_1_328' title='bbox 1874 2666 1920 2706; x_wconf 79' lang='lat'><strong>6.</strong></span> <span class='ocrx_word' id='word_1_329' title='bbox 1951 2666 1990 2705; x_wconf 88' lang='lat' dir='ltr'>B</span> <span class='ocrx_word' id='word_1_330' title='bbox 2020 2668 2091 2706; x_wconf 85' lang='lat' dir='ltr'><strong>la.</strong></span> <span class='ocrx_word' id='word_1_331' title='bbox 2125 2667 2168 2707; x_wconf 84' lang='grc'><strong>2.</strong></span> <span class='ocrx_word' id='word_1_332' title='bbox 2196 2665 2293 2708; x_wconf 80' lang='grc'><strong>03.</strong></span> <span class='ocrx_word' id='word_1_333' title='bbox 2322 2666 2365 2707; x_wconf 83' lang='grc'><strong>5.</strong></span> <span class='ocrx_word' id='word_1_334' title='bbox 2399 2667 2502 2705; x_wconf 77' lang='lat' dir='ltr'><strong>D4.</strong></span> <span class='ocrx_word' id='word_1_335' title='bbox 2535 2668 2576 2706; x_wconf 82' lang='lat'><strong>6.</strong></span> <span class='ocrx_word' id='word_1_336' title='bbox 2606 2667 2649 2706; x_wconf 87' lang='grc'><strong>9.</strong></span> <span class='ocrx_word' id='word_1_337' title='bbox 2680 2664 2787 2706; x_wconf 71' lang='grc'><strong>04.</strong></span> 
     </span>
     <span class='ocr_line' id='line_1_31' title="bbox 549 2722 2788 2776; baseline -0 -11"><span class='ocrx_word' id='word_1_338' title='bbox 549 2725 572 2764; x_wconf 87' lang='grc' dir='ltr'>Ι</span> <span class='ocrx_word' id='word_1_339' title='bbox 605 2726 656 2774; x_wconf 77' lang='lat'><strong>33</strong></span> <span class='ocrx_word' id='word_1_340' title='bbox 697 2725 823 2763; x_wconf 82' lang='lat' dir='ltr'><strong>iidem</strong></span> <span class='ocrx_word' id='word_1_341' title='bbox 853 2728 891 2763; x_wconf 78' lang='lat' dir='ltr'><strong>et</strong></span> <span class='ocrx_word' id='word_1_342' title='bbox 921 2724 1048 2763; x_wconf 84' lang='lat' dir='ltr'><strong>ceteri</strong></span> <span class='ocrx_word' id='word_1_343' title='bbox 1080 2723 1128 2764; x_wconf 84' lang='lat' dir='ltr'><strong>G.</strong></span> <span class='ocrx_word' id='word_1_344' title='bbox 1161 2724 1219 2764; x_wconf 91' lang='lat' dir='ltr'><strong>D.</strong></span> <span class='ocrx_word' id='word_1_345' title='bbox 1253 2724 1289 2763; x_wconf 77' lang='lat' dir='ltr'><strong>F</strong></span> <span class='ocrx_word' id='word_1_346' title='bbox 1321 2724 1363 2766; x_wconf 88' lang='lat'><strong>5.</strong></span> <span class='ocrx_word' id='word_1_347' title='bbox 1399 2724 1441 2765; x_wconf 77' lang='lat' dir='ltr'>G</span> <span class='ocrx_word' id='word_1_348' title='bbox 1470 2724 1544 2765; x_wconf 80' lang='lat' dir='ltr'><strong>5a.</strong></span> <span class='ocrx_word' id='word_1_349' title='bbox 1566 2736 1590 2766; x_wconf 89' lang='lat' dir='ltr'><strong>c</strong></span> <span class='ocrx_word' id='word_1_350' title='bbox 1620 2725 1688 2764; x_wconf 68' lang='lat' dir='ltr'><strong>hic</strong></span> <span class='ocrx_word' id='word_1_351' title='bbox 1715 2735 1875 2764; x_wconf 77' lang='lat' dir='ltr'><strong>novum</strong></span> <span class='ocrx_word' id='word_1_352' title='bbox 1903 2724 2117 2774; x_wconf 73' lang='lat' dir='ltr'><strong>incipiam</strong></span> <span class='ocrx_word' id='word_1_353' title='bbox 2147 2736 2246 2774; x_wconf 79' lang='lat' dir='ltr'><strong>cap.</strong></span> <span class='ocrx_word' id='word_1_354' title='bbox 2368 2722 2407 2776; x_wconf 89' lang='lat' dir='ltr'><strong>r)</strong></span> <span class='ocrx_word' id='word_1_355' title='bbox 2440 2722 2644 2773; x_wconf 75' lang='lat' dir='ltr'><strong>Agssolfo</strong></span> <span class='ocrx_word' id='word_1_356' title='bbox 2675 2726 2712 2764; x_wconf 78' lang='lat' dir='ltr'><strong>F</strong></span> <span class='ocrx_word' id='word_1_357' title='bbox 2747 2727 2788 2764; x_wconf 91' lang='lat'><strong>1.</strong></span> 
     </span>
    </p>
   </div>
   <div class='ocr_carea' id='block_1_5' title="bbox 542 2815 2787 4412">
    <p class='ocr_par' dir='ltr' id='par_1_5' title="bbox 542 2815 2787 4412">
     <span class='ocr_line' id='line_1_32' title="bbox 554 2815 2787 2884; baseline 0.001 -16"><span class='ocrx_word' id='word_1_358' title='bbox 554 2817 607 2883; x_wconf 91' lang='lat'><strong>1)</strong></span> <span class='ocrx_word' id='word_1_359' title='bbox 628 2818 756 2884; x_wconf 74' lang='lat' dir='ltr'><strong>Rey.</strong></span> <span class='ocrx_word' id='word_1_360' title='bbox 778 2817 876 2879; x_wconf 84' lang='lat' dir='ltr'><strong>IX,</strong></span> <span class='ocrx_word' id='word_1_361' title='bbox 901 2818 991 2866; x_wconf 81' lang='lat'><strong>42.</strong></span> <span class='ocrx_word' id='word_1_362' title='bbox 1029 2817 1118 2867; x_wconf 74' lang='lat' dir='ltr'><strong>Ex</strong></span> <span class='ocrx_word' id='word_1_363' title='bbox 1148 2815 1368 2884; x_wconf 76' lang='lat' dir='ltr'><strong>reqistro</strong></span> <span class='ocrx_word' id='word_1_364' title='bbox 1390 2827 1617 2884; x_wconf 76' lang='lat' dir='ltr'><strong>apparet</strong></span> <span class='ocrx_word' id='word_1_365' title='bbox 1634 2818 1733 2870; x_wconf 75' lang='lat' dir='ltr'><strong>has</strong></span> <span class='ocrx_word' id='word_1_366' title='bbox 1758 2818 1961 2871; x_wconf 84' lang='lat' dir='ltr'><strong>litteras</strong></span> <span class='ocrx_word' id='word_1_367' title='bbox 1980 2819 2139 2870; x_wconf 89' lang='lat' dir='ltr'><strong>datas</strong></span> <span class='ocrx_word' id='word_1_368' title='bbox 2156 2818 2444 2870; x_wconf 75' lang='lat' dir='ltr'><strong>indictione</strong></span> <span class='ocrx_word' id='word_1_369' title='bbox 2465 2819 2517 2870; x_wconf 83' lang='lat'><strong>2.</strong></span> <span class='ocrx_word' id='word_1_370' title='bbox 2553 2817 2625 2869; x_wconf 82' lang='lat' dir='ltr'><strong>At</strong></span> <span class='ocrx_word' id='word_1_371' title='bbox 2643 2820 2691 2869; x_wconf 87' lang='lat' dir='ltr'><strong>si</strong></span> <span class='ocrx_word' id='word_1_372' title='bbox 2708 2837 2787 2870; x_wconf 86' lang='lat' dir='ltr'><strong>se-</strong></span> 
     </span>
     <span class='ocr_line' id='line_1_33' title="bbox 548 2888 2785 2956; baseline 0 -15"><span class='ocrx_word' id='word_1_373' title='bbox 548 2889 727 2956; x_wconf 76' lang='lat' dir='ltr'><strong>quenti</strong></span> <span class='ocrx_word' id='word_1_374' title='bbox 751 2905 925 2942; x_wconf 83' lang='lat' dir='ltr'><strong>mense</strong></span> <span class='ocrx_word' id='word_1_375' title='bbox 961 2888 1228 2942; x_wconf 82' lang='lat' dir='ltr'><strong>Januario</strong></span> <span class='ocrx_word' id='word_1_376' title='bbox 1269 2891 1527 2956; x_wconf 77' lang='lat' dir='ltr'><strong>apparuit</strong></span> <span class='ocrx_word' id='word_1_377' title='bbox 1563 2891 1714 2942; x_wconf 83' lang='lat' dir='ltr'><strong>stella</strong></span> <span class='ocrx_word' id='word_1_378' title='bbox 1739 2901 1970 2956; x_wconf 83' lang='lat' dir='ltr'><strong>cometes,</strong></span> <span class='ocrx_word' id='word_1_379' title='bbox 2009 2898 2058 2943; x_wconf 88' lang='lat' dir='ltr'><strong>et</strong></span> <span class='ocrx_word' id='word_1_380' title='bbox 2080 2891 2315 2944; x_wconf 81' lang='lat' dir='ltr'><strong>Joannes</strong></span> <span class='ocrx_word' id='word_1_381' title='bbox 2354 2889 2785 2956; x_wconf 74' lang='lat' dir='ltr'><strong>archiepiscopus</strong></span> 
     </span>
     <span class='ocr_line' id='line_1_34' title="bbox 547 2963 2784 3029; baseline 0 -15"><span class='ocrx_word' id='word_1_382' title='bbox 547 2964 839 3015; x_wconf 84' lang='lat' dir='ltr'><strong>Ravennae</strong></span> <span class='ocrx_word' id='word_1_383' title='bbox 875 2969 1206 3026; x_wconf 67' lang='lat' dir='ltr'><strong>mortuusest,</strong></span> <span class='ocrx_word' id='word_1_384' title='bbox 1242 2963 1391 3028; x_wconf 81' lang='lat' dir='ltr'><strong>isque</strong></span> <span class='ocrx_word' id='word_1_385' title='bbox 1429 2980 1572 3015; x_wconf 86' lang='lat' dir='ltr'><strong>anno</strong></span> <span class='ocrx_word' id='word_1_386' title='bbox 1614 2964 1738 3028; x_wconf 85' lang='lat'><strong>595,</strong></span> <span class='ocrx_word' id='word_1_387' title='bbox 1788 2973 1848 3014; x_wconf 78' lang='lat' dir='ltr'><strong>at</strong></span> <span class='ocrx_word' id='word_1_388' title='bbox 1883 2964 2157 3016; x_wconf 79' lang='lat' dir='ltr'><strong>Baronius</strong></span> <span class='ocrx_word' id='word_1_389' title='bbox 2197 2973 2245 3016; x_wconf 85' lang='lat' dir='ltr'><strong>et</strong></span> <span class='ocrx_word' id='word_1_390' title='bbox 2282 2981 2347 3015; x_wconf 69' lang='lat' dir='ltr'><strong>etc</strong></span> <span class='ocrx_word' id='word_1_391' title='bbox 2385 2963 2603 3029; x_wconf 74' lang='lat' dir='ltr'><strong>Aqnello</strong></span> <span class='ocrx_word' id='word_1_392' title='bbox 2641 2963 2784 3014; x_wconf 86' lang='lat' dir='ltr'><strong>Bac-</strong></span> 
     </span>
     <span class='ocr_line' id='line_1_35' title="bbox 546 3034 2782 3103; baseline 0 -17"><span class='ocrx_word' id='word_1_393' title='bbox 546 3034 754 3087; x_wconf 82' lang='lat' dir='ltr'><strong>chinius</strong></span> <span class='ocrx_word' id='word_1_394' title='bbox 792 3034 1073 3098; x_wconf 79' lang='lat' dir='ltr'><strong>contendit,</strong></span> <span class='ocrx_word' id='word_1_395' title='bbox 1112 3052 1138 3086; x_wconf 91' lang='lat' dir='ltr'><strong>e</strong></span> <span class='ocrx_word' id='word_1_396' title='bbox 1169 3034 1304 3086; x_wconf 80' lang='lat' dir='ltr'><strong>vivis</strong></span> <span class='ocrx_word' id='word_1_397' title='bbox 1341 3037 1581 3087; x_wconf 79' lang='lat' dir='ltr'><strong>sublatas</strong></span> <span class='ocrx_word' id='word_1_398' title='bbox 1619 3044 1710 3098; x_wconf 85' lang='lat' dir='ltr'><strong>est,</strong></span> <span class='ocrx_word' id='word_1_399' title='bbox 1751 3037 1824 3087; x_wconf 92' lang='lat' dir='ltr'><strong>ad</strong></span> <span class='ocrx_word' id='word_1_400' title='bbox 1859 3038 2156 3103; x_wconf 69' lang='lat' dir='ltr'><strong>superiores</strong></span> <span class='ocrx_word' id='word_1_401' title='bbox 2194 3053 2361 3088; x_wconf 86' lang='lat' dir='ltr'><strong>annos</strong></span> <span class='ocrx_word' id='word_1_402' title='bbox 2383 3036 2608 3102; x_wconf 86' lang='lat' dir='ltr'><strong>firmata</strong></span> <span class='ocrx_word' id='word_1_403' title='bbox 2632 3034 2782 3087; x_wconf 87' lang='lat' dir='ltr'><strong>Lan-</strong></span> 
     </span>
     <span class='ocr_line' id='line_1_36' title="bbox 542 3107 2785 3176; baseline 0 -16"><span class='ocrx_word' id='word_1_404' title='bbox 542 3109 806 3176; x_wconf 66' lang='lat' dir='ltr'><strong>gobardos</strong></span> <span class='ocrx_word' id='word_1_405' title='bbox 844 3108 982 3159; x_wconf 82' lang='lat' dir='ltr'><strong>inter</strong></span> <span class='ocrx_word' id='word_1_406' title='bbox 1019 3116 1068 3159; x_wconf 89' lang='lat' dir='ltr'><strong>et</strong></span> <span class='ocrx_word' id='word_1_407' title='bbox 1092 3107 1359 3160; x_wconf 84' lang='lat' dir='ltr'><strong>Romanos</strong></span> <span class='ocrx_word' id='word_1_408' title='bbox 1386 3125 1508 3174; x_wconf 74' lang='lat' dir='ltr'><strong>pam</strong></span> <span class='ocrx_word' id='word_1_409' title='bbox 1536 3116 1664 3161; x_wconf 84' lang='lat' dir='ltr'><strong>esset</strong></span> <span class='ocrx_word' id='word_1_410' title='bbox 1701 3110 2021 3162; x_wconf 85' lang='lat' dir='ltr'><strong>revocanda.</strong></span> <span class='ocrx_word' id='word_1_411' title='bbox 2097 3109 2315 3160; x_wconf 83' lang='lat' dir='ltr'><strong>Minime</strong></span> <span class='ocrx_word' id='word_1_412' title='bbox 2352 3125 2474 3160; x_wconf 81' lang='lat' dir='ltr'><strong>vero</strong></span> <span class='ocrx_word' id='word_1_413' title='bbox 2512 3117 2785 3173; x_wconf 81' lang='lat' dir='ltr'><strong>acceptam</strong></span> 
     </span>
     <span class='ocr_line' id='line_1_37' title="bbox 546 3181 2786 3249; baseline 0 -17"><span class='ocrx_word' id='word_1_414' title='bbox 546 3182 685 3232; x_wconf 77' lang='lat' dir='ltr'><strong>hanc</strong></span> <span class='ocrx_word' id='word_1_415' title='bbox 748 3181 1097 3232; x_wconf 77' lang='lat' dir='ltr'><strong>chronotaxin</strong></span> <span class='ocrx_word' id='word_1_416' title='bbox 1151 3190 1433 3233; x_wconf 81' lang='lat' dir='ltr'><strong>everterem</strong></span> <span class='ocrx_word' id='word_1_417' title='bbox 1496 3189 1803 3249; x_wconf 73' lang='lat' dir='ltr'><strong>arqumento</strong></span> <span class='ocrx_word' id='word_1_418' title='bbox 1858 3181 2194 3248; x_wconf 79' lang='lat' dir='ltr'><strong>potissimum</strong></span> <span class='ocrx_word' id='word_1_419' title='bbox 2252 3182 2472 3233; x_wconf 81' lang='lat' dir='ltr'><strong>alterius</strong></span> <span class='ocrx_word' id='word_1_420' title='bbox 2530 3181 2786 3247; x_wconf 79' lang='lat' dir='ltr'><strong>epistolae</strong></span> 
     </span>
     <span class='ocr_line' id='line_1_38' title="bbox 545 3252 2787 3322; baseline 0 -16"><span class='ocrx_word' id='word_1_421' title='bbox 545 3254 777 3322; x_wconf 78' lang='lat' dir='ltr'><strong>ejusdem</strong></span> <span class='ocrx_word' id='word_1_422' title='bbox 814 3271 855 3305; x_wconf 88' lang='lat' dir='ltr'><strong>s.</strong></span> <span class='ocrx_word' id='word_1_423' title='bbox 903 3252 1171 3322; x_wconf 72' lang='lat' dir='ltr'><strong>pontificis</strong></span> <span class='ocrx_word' id='word_1_424' title='bbox 1209 3255 1282 3305; x_wconf 92' lang='lat' dir='ltr'><strong>ad</strong></span> <span class='ocrx_word' id='word_1_425' title='bbox 1338 3253 1705 3306; x_wconf 82' lang='lat' dir='ltr'><strong>Innocentium</strong></span> <span class='ocrx_word' id='word_1_426' title='bbox 1738 3252 1959 3321; x_wconf 78' lang='lat' dir='ltr'><strong>Africae</strong></span> <span class='ocrx_word' id='word_1_427' title='bbox 2004 3257 2338 3321; x_wconf 78' lang='lat' dir='ltr'><strong>praefectum</strong></span> <span class='ocrx_word' id='word_1_428' title='bbox 2394 3254 2480 3306; x_wconf 80' lang='lat' dir='ltr'><strong>lib.</strong></span> <span class='ocrx_word' id='word_1_429' title='bbox 2518 3253 2587 3318; x_wconf 88' lang='lat' dir='ltr'><strong>X,</strong></span> <span class='ocrx_word' id='word_1_430' title='bbox 2626 3253 2787 3306; x_wconf 87' lang='lat' dir='ltr'><strong>datae</strong></span> 
     </span>
     <span class='ocr_line' id='line_1_39' title="bbox 545 3325 2785 3394; baseline 0 -16"><span class='ocrx_word' id='word_1_431' title='bbox 545 3328 886 3393; x_wconf 67' lang='lat' dir='ltr'><strong>subsequente</strong></span> <span class='ocrx_word' id='word_1_432' title='bbox 939 3325 1225 3379; x_wconf 77' lang='lat' dir='ltr'><strong>indictione</strong></span> <span class='ocrx_word' id='word_1_433' title='bbox 1266 3328 1316 3391; x_wconf 88' lang='lat'><strong>3,</strong></span> <span class='ocrx_word' id='word_1_434' title='bbox 1390 3326 1448 3377; x_wconf 87' lang='lat' dir='ltr'><strong>in</strong></span> <span class='ocrx_word' id='word_1_435' title='bbox 1504 3343 1614 3393; x_wconf 80' lang='lat' dir='ltr'><strong>qua</strong></span> <span class='ocrx_word' id='word_1_436' title='bbox 1672 3326 1879 3379; x_wconf 80' lang='lat' dir='ltr'><strong>scribit:</strong></span> <span class='ocrx_word' id='word_1_437' title='bbox 1941 3328 2344 3394; x_wconf 81' lang='lat' dir='ltr'><strong>Cognoscentes</strong></span> <span class='ocrx_word' id='word_1_438' title='bbox 2401 3328 2579 3393; x_wconf 83' lang='lat' dir='ltr'><strong>igitur,</strong></span> <span class='ocrx_word' id='word_1_439' title='bbox 2626 3327 2785 3393; x_wconf 87' lang='lat' dir='ltr'><strong>quale</strong></span> 
     </span>
     <span class='ocr_line' id='line_1_40' title="bbox 546 3399 2786 3467; baseline -0.001 -15"><span class='ocrx_word' id='word_1_440' title='bbox 546 3400 780 3452; x_wconf 86' lang='lat' dir='ltr'><strong>studium</strong></span> <span class='ocrx_word' id='word_1_441' title='bbox 818 3402 876 3450; x_wconf 88' lang='lat' dir='ltr'><strong>in</strong></span> <span class='ocrx_word' id='word_1_442' title='bbox 912 3400 1295 3467; x_wconf 80' lang='lat' dir='ltr'><strong>praeparandis</strong></span> <span class='ocrx_word' id='word_1_443' title='bbox 1349 3399 1691 3452; x_wconf 76' lang='lat' dir='ltr'><strong>dromonibus</strong></span> <span class='ocrx_word' id='word_1_444' title='bbox 1741 3402 2034 3466; x_wconf 85' lang='lat' dir='ltr'><strong>gesseritis,</strong></span> <span class='ocrx_word' id='word_1_445' title='bbox 2084 3400 2505 3453; x_wconf 85' lang='lat' dir='ltr'><strong>sollicitudinem</strong></span> <span class='ocrx_word' id='word_1_446' title='bbox 2552 3407 2786 3450; x_wconf 82' lang='lat' dir='ltr'><strong>vestram</strong></span> 
     </span>
     <span class='ocr_line' id='line_1_41' title="bbox 548 3472 2785 3539; baseline -0 -16"><span class='ocrx_word' id='word_1_447' title='bbox 548 3473 851 3526; x_wconf 87' lang='lat' dir='ltr'><strong>desiderato</strong></span> <span class='ocrx_word' id='word_1_448' title='bbox 877 3475 1062 3524; x_wconf 87' lang='lat' dir='ltr'><strong>nuntio</strong></span> <span class='ocrx_word' id='word_1_449' title='bbox 1100 3472 1413 3535; x_wconf 83' lang='lat' dir='ltr'><strong>relevamus,</strong></span> <span class='ocrx_word' id='word_1_450' title='bbox 1449 3472 1771 3538; x_wconf 85' lang='lat' dir='ltr'><strong>indicantes,</strong></span> <span class='ocrx_word' id='word_1_451' title='bbox 1809 3490 1929 3524; x_wconf 88' lang='lat' dir='ltr'><strong>cum</strong></span> <span class='ocrx_word' id='word_1_452' title='bbox 1959 3473 2435 3539; x_wconf 85' lang='lat' dir='ltr'><strong>Langobardorum</strong></span> <span class='ocrx_word' id='word_1_453' title='bbox 2460 3488 2589 3538; x_wconf 91' lang='lat' dir='ltr'><strong>rege</strong></span> <span class='ocrx_word' id='word_1_454' title='bbox 2614 3487 2785 3539; x_wconf 87' lang='lat' dir='ltr'><strong>usque</strong></span> 
     </span>
     <span class='ocr_line' id='line_1_42' title="bbox 547 3546 2783 3613; baseline -0.001 -16"><span class='ocrx_word' id='word_1_455' title='bbox 547 3546 617 3597; x_wconf 86' lang='lat' dir='ltr'><strong>ad</strong></span> <span class='ocrx_word' id='word_1_456' title='bbox 657 3562 894 3598; x_wconf 88' lang='lat' dir='ltr'><strong>mensem</strong></span> <span class='ocrx_word' id='word_1_457' title='bbox 943 3548 1194 3597; x_wconf 87' lang='lat' dir='ltr'><strong>Martium</strong></span> <span class='ocrx_word' id='word_1_458' title='bbox 1246 3546 1455 3597; x_wconf 84' lang='lat' dir='ltr'><strong>futurae</strong></span> <span class='ocrx_word' id='word_1_459' title='bbox 1513 3552 1735 3613; x_wconf 87' lang='lat' dir='ltr'><strong>quartae</strong></span> <span class='ocrx_word' id='word_1_460' title='bbox 1772 3547 2081 3598; x_wconf 86' lang='lat' dir='ltr'><strong>indictionis</strong></span> <span class='ocrx_word' id='word_1_461' title='bbox 2122 3546 2189 3597; x_wconf 89' lang='lat' dir='ltr'><strong>de</strong></span> <span class='ocrx_word' id='word_1_462' title='bbox 2245 3562 2400 3613; x_wconf 84' lang='lat' dir='ltr'><strong>pace,</strong></span> <span class='ocrx_word' id='word_1_463' title='bbox 2457 3546 2783 3612; x_wconf 87' lang='lat' dir='ltr'><strong>propitiante</strong></span> 
     </span>
     <span class='ocr_line' id='line_1_43' title="bbox 546 3618 2784 3685; baseline -0.001 -16"><span class='ocrx_word' id='word_1_464' title='bbox 546 3621 795 3682; x_wconf 87' lang='lat' dir='ltr'><strong>Domino,</strong></span> <span class='ocrx_word' id='word_1_465' title='bbox 852 3621 1184 3671; x_wconf 82' lang='lat' dir='ltr'><strong>convenisse.</strong></span> <span class='ocrx_word' id='word_1_466' title='bbox 1277 3619 1428 3680; x_wconf 79' lang='lat' dir='ltr'><strong>Quae</strong></span> <span class='ocrx_word' id='word_1_467' title='bbox 1466 3620 1514 3669; x_wconf 88' lang='lat' dir='ltr'><strong>si</strong></span> <span class='ocrx_word' id='word_1_468' title='bbox 1567 3620 1872 3683; x_wconf 86' lang='lat' dir='ltr'><strong>retineatur,</strong></span> <span class='ocrx_word' id='word_1_469' title='bbox 1922 3621 2244 3684; x_wconf 81' lang='lat' dir='ltr'><strong>ignoramus,</strong></span> <span class='ocrx_word' id='word_1_470' title='bbox 2309 3620 2436 3685; x_wconf 86' lang='lat' dir='ltr'><strong>quia</strong></span> <span class='ocrx_word' id='word_1_471' title='bbox 2490 3618 2634 3669; x_wconf 90' lang='lat' dir='ltr'><strong>idem</strong></span> <span class='ocrx_word' id='word_1_472' title='bbox 2689 3633 2784 3668; x_wconf 84' lang='lat' dir='ltr'><strong>rex</strong></span> 
     </span>
     <span class='ocr_line' id='line_1_44' title="bbox 547 3689 2784 3758; baseline -0 -16"><span class='ocrx_word' id='word_1_473' title='bbox 547 3692 745 3742; x_wconf 89' lang='lat' dir='ltr'><strong>obiisse</strong></span> <span class='ocrx_word' id='word_1_474' title='bbox 783 3697 972 3758; x_wconf 86' lang='lat' dir='ltr'><strong>postea</strong></span> <span class='ocrx_word' id='word_1_475' title='bbox 1007 3693 1290 3742; x_wconf 85' lang='lat' dir='ltr'><strong>nunciatus</strong></span> <span class='ocrx_word' id='word_1_476' title='bbox 1330 3696 1427 3753; x_wconf 88' lang='lat' dir='ltr'><strong>est,</strong></span> <span class='ocrx_word' id='word_1_477' title='bbox 1482 3691 1614 3743; x_wconf 89' lang='lat' dir='ltr'><strong>licet</strong></span> <span class='ocrx_word' id='word_1_478' title='bbox 1663 3692 1840 3742; x_wconf 88' lang='lat' dir='ltr'><strong>adhuc</strong></span> <span class='ocrx_word' id='word_1_479' title='bbox 1889 3693 2149 3744; x_wconf 88' lang='lat' dir='ltr'><strong>habeatur</strong></span> <span class='ocrx_word' id='word_1_480' title='bbox 2196 3694 2476 3743; x_wconf 86' lang='lat' dir='ltr'><strong>incertum.</strong></span> <span class='ocrx_word' id='word_1_481' title='bbox 2555 3689 2784 3756; x_wconf 68' lang='lat' dir='ltr'><strong>(Jamque</strong></span> 
     </span>
     <span class='ocr_line' id='line_1_45' title="bbox 546 3761 2781 3829; baseline -0 -15"><span class='ocrx_word' id='word_1_482' title='bbox 546 3763 604 3814; x_wconf 87' lang='lat' dir='ltr'><strong>in</strong></span> <span class='ocrx_word' id='word_1_483' title='bbox 642 3780 707 3814; x_wconf 94' lang='lat' dir='ltr'><strong>ea</strong></span> <span class='ocrx_word' id='word_1_484' title='bbox 734 3779 926 3828; x_wconf 79' lang='lat' dir='ltr'><strong>pacem</strong></span> <span class='ocrx_word' id='word_1_485' title='bbox 960 3763 1035 3814; x_wconf 92' lang='lat' dir='ltr'><strong>ad</strong></span> <span class='ocrx_word' id='word_1_486' title='bbox 1063 3761 1367 3828; x_wconf 77' lang='lat' dir='ltr'><strong>proximam</strong></span> <span class='ocrx_word' id='word_1_487' title='bbox 1405 3770 1652 3829; x_wconf 81' lang='lat' dir='ltr'><strong>quartam</strong></span> <span class='ocrx_word' id='word_1_488' title='bbox 1697 3762 2034 3816; x_wconf 81' lang='lat' dir='ltr'><strong>indictionem</strong></span> <span class='ocrx_word' id='word_1_489' title='bbox 2083 3764 2341 3815; x_wconf 84' lang='lat' dir='ltr'><strong>sancitam</strong></span> <span class='ocrx_word' id='word_1_490' title='bbox 2382 3761 2564 3828; x_wconf 84' lang='lat' dir='ltr'><strong>faisse</strong></span> <span class='ocrx_word' id='word_1_491' title='bbox 2601 3771 2781 3828; x_wconf 81' lang='lat' dir='ltr'><strong>aperte</strong></span> 
     </span>
     <span class='ocr_line' id='line_1_46' title="bbox 547 3834 2780 3905; baseline 0 -19"><span class='ocrx_word' id='word_1_492' title='bbox 547 3842 757 3899; x_wconf 79' lang='lat' dir='ltr'><strong>constet,</strong></span> <span class='ocrx_word' id='word_1_493' title='bbox 795 3835 953 3886; x_wconf 79' lang='lat' dir='ltr'><strong>datas</strong></span> <span class='ocrx_word' id='word_1_494' title='bbox 992 3835 1150 3886; x_wconf 86' lang='lat' dir='ltr'><strong>etiam</strong></span> <span class='ocrx_word' id='word_1_495' title='bbox 1185 3835 1511 3887; x_wconf 84' lang='lat' dir='ltr'><strong>antecedenti</strong></span> <span class='ocrx_word' id='word_1_496' title='bbox 1549 3838 1601 3890; x_wconf 90' lang='grc'><strong>2.</strong></span> <span class='ocrx_word' id='word_1_497' title='bbox 1635 3837 2020 3904; x_wconf 66' lang='lat' dir='ltr'><strong>gratulatorias</strong></span> <span class='ocrx_word' id='word_1_498' title='bbox 2058 3837 2133 3888; x_wconf 88' lang='lat' dir='ltr'><strong>ad</strong></span> <span class='ocrx_word' id='word_1_499' title='bbox 2155 3834 2502 3905; x_wconf 74' lang='lat' dir='ltr'><strong>Aqilulplzum</strong></span> <span class='ocrx_word' id='word_1_500' title='bbox 2538 3843 2586 3887; x_wconf 88' lang='lat' dir='ltr'><strong>et</strong></span> <span class='ocrx_word' id='word_1_501' title='bbox 2620 3835 2780 3887; x_wconf 73' lang='lat' dir='ltr'><strong>Theo-</strong></span> 
     </span>
     <span class='ocr_line' id='line_1_47' title="bbox 547 3907 2779 3975; baseline -0.001 -15"><span class='ocrx_word' id='word_1_502' title='bbox 547 3907 839 3972; x_wconf 84' lang='lat' dir='ltr'><strong>dolindam,</strong></span> <span class='ocrx_word' id='word_1_503' title='bbox 884 3907 1177 3959; x_wconf 82' lang='lat' dir='ltr'><strong>necessario</strong></span> <span class='ocrx_word' id='word_1_504' title='bbox 1214 3908 1494 3959; x_wconf 83' lang='lat' dir='ltr'><strong>dicendum</strong></span> <span class='ocrx_word' id='word_1_505' title='bbox 1545 3917 1620 3961; x_wconf 84' lang='lat' dir='ltr'><strong>est</strong></span> <span class='ocrx_word' id='word_1_506' title='bbox 1657 3926 1722 3961; x_wconf 72' lang='lat' dir='ltr'><strong>ex</strong></span> <span class='ocrx_word' id='word_1_507' title='bbox 1774 3910 2023 3962; x_wconf 82' lang='lat' dir='ltr'><strong>brevitate</strong></span> <span class='ocrx_word' id='word_1_508' title='bbox 2072 3910 2334 3975; x_wconf 77' lang='lat' dir='ltr'><strong>temporis,</strong></span> <span class='ocrx_word' id='word_1_509' title='bbox 2387 3925 2497 3973; x_wconf 80' lang='lat' dir='ltr'><strong>qaa</strong></span> <span class='ocrx_word' id='word_1_510' title='bbox 2542 3908 2779 3959; x_wconf 79' lang='lat' dir='ltr'><strong>nondum</strong></span> 
     </span>
     <span class='ocr_line' id='line_1_48' title="bbox 546 3979 2779 4048; baseline -0 -15"><span class='ocrx_word' id='word_1_511' title='bbox 546 3982 817 4033; x_wconf 75' lang='lat' dir='ltr'><strong>constabat</strong></span> <span class='ocrx_word' id='word_1_512' title='bbox 852 3980 918 4031; x_wconf 87' lang='lat' dir='ltr'><strong>de</strong></span> <span class='ocrx_word' id='word_1_513' title='bbox 955 3980 1256 4032; x_wconf 73' lang='lat' dir='ltr'><strong>valetudine</strong></span> <span class='ocrx_word' id='word_1_514' title='bbox 1304 3980 1461 4047; x_wconf 72' lang='lat' dir='ltr'><strong>reyis.</strong></span> <span class='ocrx_word' id='word_1_515' title='bbox 1550 3982 1639 4032; x_wconf 78' lang='lat' dir='ltr'><strong>Ex</strong></span> <span class='ocrx_word' id='word_1_516' title='bbox 1678 3998 1743 4033; x_wconf 89' lang='lat' dir='ltr'><strong>ea</strong></span> <span class='ocrx_word' id='word_1_517' title='bbox 1778 3982 1938 4034; x_wconf 85' lang='lat' dir='ltr'><strong>etiam</strong></span> <span class='ocrx_word' id='word_1_518' title='bbox 1974 3982 2196 4048; x_wconf 79' lang='lat' dir='ltr'><strong>epistola</strong></span> <span class='ocrx_word' id='word_1_519' title='bbox 2245 3981 2595 4048; x_wconf 61' lang='lat' dir='ltr'><strong>cognoscimus</strong></span> <span class='ocrx_word' id='word_1_520' title='bbox 2622 3979 2779 4046; x_wconf 79' lang='lat' dir='ltr'><strong>pacis</strong></span> 
     </span>
     <span class='ocr_line' id='line_1_49' title="bbox 546 4051 2778 4120; baseline 0 -16"><span class='ocrx_word' id='word_1_521' title='bbox 546 4054 884 4115; x_wconf 82' lang='lat' dir='ltr'><strong>conditiones,</strong></span> <span class='ocrx_word' id='word_1_522' title='bbox 922 4070 1058 4119; x_wconf 80' lang='lat' dir='ltr'><strong>quas</strong></span> <span class='ocrx_word' id='word_1_523' title='bbox 1094 4051 1306 4104; x_wconf 83' lang='lat' dir='ltr'><strong>minime</strong></span> <span class='ocrx_word' id='word_1_524' title='bbox 1345 4052 1551 4104; x_wconf 79' lang='lat' dir='ltr'><strong>Paulas</strong></span> <span class='ocrx_word' id='word_1_525' title='bbox 1590 4056 1861 4118; x_wconf 80' lang='lat' dir='ltr'><strong>recensuit,</strong></span> <span class='ocrx_word' id='word_1_526' title='bbox 1900 4071 2116 4120; x_wconf 76' lang='lat' dir='ltr'><strong>eamque</strong></span> <span class='ocrx_word' id='word_1_527' title='bbox 2139 4053 2320 4120; x_wconf 81' lang='lat' dir='ltr'><strong>fuisse</strong></span> <span class='ocrx_word' id='word_1_528' title='bbox 2363 4054 2533 4120; x_wconf 81' lang='lat' dir='ltr'><strong>pretio</strong></span> <span class='ocrx_word' id='word_1_529' title='bbox 2571 4070 2778 4119; x_wconf 83' lang='lat' dir='ltr'><strong>compa-</strong></span> 
     </span>
     <span class='ocr_line' id='line_1_50' title="bbox 548 4125 2756 4194; baseline 0.001 -18"><span class='ocrx_word' id='word_1_530' title='bbox 548 4134 723 4177; x_wconf 88' lang='lat' dir='ltr'><strong>ratam</strong></span> <span class='ocrx_word' id='word_1_531' title='bbox 754 4142 818 4178; x_wconf 73' lang='lat' dir='ltr'><strong>eae</strong></span> <span class='ocrx_word' id='word_1_532' title='bbox 858 4126 1034 4177; x_wconf 86' lang='lat' dir='ltr'><strong>eodem</strong></span> <span class='ocrx_word' id='word_1_533' title='bbox 1072 4125 1157 4178; x_wconf 84' lang='lat' dir='ltr'><strong>lib.</strong></span> <span class='ocrx_word' id='word_1_534' title='bbox 1200 4126 1349 4190; x_wconf 82' lang='lat' dir='ltr'><strong>epist.</strong></span> <span class='ocrx_word' id='word_1_535' title='bbox 1373 4126 1546 4191; x_wconf 84' lang='lat' dir='ltr'><strong>facile</strong></span> <span class='ocrx_word' id='word_1_536' title='bbox 1585 4128 1702 4193; x_wconf 79' lang='lat' dir='ltr'><strong>quis</strong></span> <span class='ocrx_word' id='word_1_537' title='bbox 1741 4137 1944 4194; x_wconf 65' lang='lat' dir='ltr'><strong>arguet,</strong></span> <span class='ocrx_word' id='word_1_538' title='bbox 2000 4137 2156 4193; x_wconf 76' lang='lat' dir='ltr'><strong>atque</strong></span> <span class='ocrx_word' id='word_1_539' title='bbox 2195 4128 2268 4178; x_wconf 92' lang='lat' dir='ltr'><strong>ad</strong></span> <span class='ocrx_word' id='word_1_540' title='bbox 2304 4128 2364 4178; x_wconf 86' lang='lat' dir='ltr'><strong>id</strong></span> <span class='ocrx_word' id='word_1_541' title='bbox 2398 4127 2640 4191; x_wconf 81' lang='lat' dir='ltr'><strong>fortasse</strong></span> <span class='ocrx_word' id='word_1_542' title='bbox 2696 4144 2756 4178; x_wconf 89' lang='lat' dir='ltr'><strong>re</strong></span> 
     </span>
     <span class='ocr_line' id='line_1_51' title="bbox 547 4195 2785 4268; baseline 0 -20"><span class='ocrx_word' id='word_1_543' title='bbox 547 4197 779 4263; x_wconf 79' lang='lat' dir='ltr'><strong>spiciunt</strong></span> <span class='ocrx_word' id='word_1_544' title='bbox 816 4215 880 4249; x_wconf 90' lang='lat' dir='ltr'><strong>ea</strong></span> <span class='ocrx_word' id='word_1_545' title='bbox 916 4215 1053 4264; x_wconf 78' lang='lat' dir='ltr'><strong>quae</strong></span> <span class='ocrx_word' id='word_1_546' title='bbox 1090 4198 1164 4250; x_wconf 87' lang='lat' dir='ltr'><strong>ad</strong></span> <span class='ocrx_word' id='word_1_547' title='bbox 1203 4195 1561 4250; x_wconf 75' lang='lat' dir='ltr'><strong>Constantiam</strong></span> <span class='ocrx_word' id='word_1_548' title='bbox 1617 4208 1899 4268; x_wconf 73' lang='lat' dir='ltr'><strong>anqustam</strong></span> <span class='ocrx_word' id='word_1_549' title='bbox 1952 4199 2160 4252; x_wconf 80' lang='lat' dir='ltr'><strong>scribit.-</strong></span> <span class='ocrx_word' id='word_1_550' title='bbox 2217 4201 2420 4265; x_wconf 87' lang='lat' dir='ltr'><strong>Viginti</strong></span> <span class='ocrx_word' id='word_1_551' title='bbox 2458 4206 2639 4252; x_wconf 85' lang='lat' dir='ltr'><strong>autem</strong></span> <span class='ocrx_word' id='word_1_552' title='bbox 2673 4200 2785 4249; x_wconf 86' lang='lat' dir='ltr'><strong>iam</strong></span> 
     </span>
     <span class='ocr_line' id='line_1_52' title="bbox 551 4271 2759 4339; baseline 0.001 -19"><span class='ocrx_word' id='word_1_553' title='bbox 551 4277 604 4320; x_wconf 86' lang='lat' dir='ltr'><strong>et</strong></span> <span class='ocrx_word' id='word_1_554' title='bbox 641 4277 846 4337; x_wconf 87' lang='lat' dir='ltr'><strong>septem</strong></span> <span class='ocrx_word' id='word_1_555' title='bbox 886 4287 1051 4323; x_wconf 84' lang='lat' dir='ltr'><strong>annos</strong></span> <span class='ocrx_word' id='word_1_556' title='bbox 1091 4271 1349 4333; x_wconf 83' lang='lat' dir='ltr'><strong>ducimus,</strong></span> <span class='ocrx_word' id='word_1_557' title='bbox 1391 4271 1534 4337; x_wconf 91' lang='lat' dir='ltr'><strong>quod</strong></span> <span class='ocrx_word' id='word_1_558' title='bbox 1572 4274 1627 4322; x_wconf 89' lang='lat' dir='ltr'><strong>in</strong></span> <span class='ocrx_word' id='word_1_559' title='bbox 1665 4274 1768 4324; x_wconf 90' lang='lat' dir='ltr'><strong>hac</strong></span> <span class='ocrx_word' id='word_1_560' title='bbox 1805 4274 1935 4324; x_wconf 90' lang='lat' dir='ltr'><strong>urbe</strong></span> <span class='ocrx_word' id='word_1_561' title='bbox 1974 4276 2113 4325; x_wconf 88' lang='lat' dir='ltr'><strong>inter</strong></span> <span class='ocrx_word' id='word_1_562' title='bbox 2150 4272 2627 4339; x_wconf 86' lang='lat' dir='ltr'><strong>Langobardorum</strong></span> <span class='ocrx_word' id='word_1_563' title='bbox 2664 4272 2759 4338; x_wconf 89' lang='lat' dir='ltr'><strong>gla</strong></span> 
     </span>
     <span class='ocr_line' id='line_1_53' title="bbox 548 4343 2776 4412; baseline 0.001 -18"><span class='ocrx_word' id='word_1_564' title='bbox 548 4343 666 4394; x_wconf 88' lang='lat' dir='ltr'><strong>dios</strong></span> <span class='ocrx_word' id='word_1_565' title='bbox 702 4344 947 4395; x_wconf 80' lang='lat' dir='ltr'><strong>vivimus.</strong></span> <span class='ocrx_word' id='word_1_566' title='bbox 1041 4344 1244 4405; x_wconf 85' lang='lat' dir='ltr'><strong>Quibus</strong></span> <span class='ocrx_word' id='word_1_567' title='bbox 1289 4360 1447 4410; x_wconf 86' lang='lat' dir='ltr'><strong>quam</strong></span> <span class='ocrx_word' id='word_1_568' title='bbox 1489 4344 1656 4395; x_wconf 86' lang='lat' dir='ltr'><strong>multa</strong></span> <span class='ocrx_word' id='word_1_569' title='bbox 1694 4346 1796 4395; x_wconf 86' lang='lat' dir='ltr'><strong>hac</strong></span> <span class='ocrx_word' id='word_1_570' title='bbox 1834 4347 1902 4397; x_wconf 89' lang='lat' dir='ltr'><strong>ab</strong></span> <span class='ocrx_word' id='word_1_571' title='bbox 1943 4346 2180 4397; x_wconf 84' lang='lat' dir='ltr'><strong>ecclesia</strong></span> <span class='ocrx_word' id='word_1_572' title='bbox 2220 4345 2545 4412; x_wconf 86' lang='lat' dir='ltr'><strong>quotidianis</strong></span> <span class='ocrx_word' id='word_1_573' title='bbox 2585 4345 2776 4397; x_wconf 88' lang='lat' dir='ltr'><strong>diebus</strong></span> 
     </span>
    </p>
   </div>
   <div class='ocr_carea' id='block_1_6' title="bbox 3035 105 3036 667">
    <p class='ocr_par' dir='ltr' id='par_1_6' title="bbox 3035 105 3036 667">
     <span class='ocr_line' id='line_1_54' title="bbox 3035 105 3036 667; baseline 0 0"><span class='ocrx_word' id='word_1_574' title='bbox 3035 105 3036 667; x_wconf 95' lang='lat' dir='ltr'><strong> </strong></span> 
     </span>
    </p>
   </div>
  </div>
 </body>
</html>
