3042 4909
210 1056 217 1063 Ι
256 1018 277 1031 κ
298 990 377 1047 ⁴1).
409 995 511 1037 145.

538 388 642 436 184
843 384 1061 435 PAULI
1098 381 1445 435 HISTORIA
1482 380 2151 435 LANGOBARDORUM.
2225 381 2372 434 LIB.
2410 382 2477 434 V.

535 572 747 617 escere
803 549 1118 636 putabant
1134 559 1179 631 ²,
1237 547 1625 634 pulsassent,
1682 548 2055 613 vestiariusb
2097 545 2203 610 ille
2248 548 2399 634 qui⁰
2454 550 2770 614 introrsus

534 643 669 700 erat
710 632 982 718 rogabat
1010 654 1119 697 eos
1164 630 1416 696 dicens:
1461 631 2029 696 ‘Misericordiam‘¹
2075 650 2223 694 cum
2253 652 2329 694 eo
2370 630 2560 696 facite
2590 655 2768 697 eum·

536 739 658 804 que
699 715 1033 816 paululum
1063 718 1395 802 quiescere
1426 715 1632 797 sinite,
1679 716 1872 801 quiae
1916 713 2127 779 adhuc
2170 715 2250 779 de
2291 715 2517 779 itinere
2557 714 2772 780 lassus

612 801 916 864 avissimo
961 821 1184 864 somno
1226 798 1638 885 deprimitur’.
1705 797 1897 878 Quod
1925 819 2074 861 cum
2101 795 2194 859 illi
2236 796 2707 883 adquievissent
2721 799 2767 880 f,

532 824 656 948 {bc
699 885 915 970 ipsum
957 884 1092 968 regi
1109 893 1136 937 8
1187 884 1670 964 nuntiaverunt,
1768 882 1876 945 uia
1928 880 2138 944 adhuc
2177 882 2492 945 Perctarit
2543 883 2725 968 gravi
2739 883 2773 925 ¹¹

536 988 757 1032 somno
803 967 1174 1052 quiesceret.
1260 965 1446 1029 Tunc
1487 963 1624 1029 ille:
1712 971 1727 1005 ‘
1781 966 1878 1045 ic',
1921 964 2147 1049 inquit,
2194 963 2547 1029 *‘hesterna
2590 967 2769 1030 serai

538 1072 606 1115 se
656 1051 805 1114 vino
851 1047 1162 1135 opplevit,
1213 1059 1285 1113 ut
1327 1048 1584 1113 adhuc¹¹
1638 1046 1903 1133 vigilare
1945 1068 2075 1111 non
2124 1046 2326 1193 possit
2344 1048 2397 1111 ¹'.
2519 1046 2771 1129 Quibus

534 1143 751 1198 tamen
792 1133 1140 1218 praecepit,
1186 1141 1259 1196 ut
1298 1153 1453 1195 mox
1495 1153 1642 1195 eum
1697 1130 2045 1195 excitatum
2086 1151 2124 1191 a
2227 1130 2535 1215 palatium
2579 1131 2774 1195 dedu-

536 1225 767 1281 cerent.
856 1217 986 1297 Qui
1026 1217 1352 1279 venientes
1392 1214 1477 1278 ad
1505 1215 1810 1278 ianuamm
1840 1211 2138 1295 cubiculi,
2181 1213 2250 1276 in
2291 1236 2418 1299 quo
2462 1216 2777 1279 Perctarit

535 1297 880 1386 sperabant
922 1300 1246 1384 quiescere
1257 1311 1305 1381 ¹¹,
1351 1306 1698 1384 coeperunt
1738 1297 1948 1361 acrius
1991 1296 2269 1382 pulsare.
2358 1298 2542 1362 Tunc
2584 1298 2776 1363 vesti-

532 1384 704 1447 arius
743 1382 848 1446 ille
888 1404 1142 1445 rursum
1159 1392 1186 1425 ⁰
1229 1403 1339 1446 eos
1381 1404 1609 1466 rogare
1654 1381 1879 1466 coepit,
1931 1391 2003 1445 ut
2045 1382 2231 1478 quasi
2273 1380 2549 1445 eundem
2588 1383 2777 1446 Perc-

538 1467 691 1530 tarit
753 1463 1214 1549 aliquantulum
1266 1465 1478 1529 adhuc
1532 1464 1806 1528 dormire
1870 1474 2325 1549 permitterent.
2435 1463 2565 1544 Qui
2626 1465 2775 1529 irati

535 1547 974 1628 vociferanteS,
1021 1550 1149 1611 iam
1209 1549 1362 1612 satis
1417 1547 1741 1613 ebriosum
1799 1546 1977 1611 illum
2039 1548 2394 1632 quievisse,
2451 1569 2606 1612 mox
2650 1546 2774 1611 cal-

537 1631 718 1697 cibus
762 1630 1032 1695 eodemv
1079 1629 1356 1696 cubiculi
1402 1632 1635 1695 ostium
1680 1631 2103 1716 confringunt,
2148 1631 2542 1717 ingressique
2582 1631 2772 1696 Perc-

535 1714 687 1780 tarit
723 1714 792 1777 in
834 1712 1060 1778 lectulo
1103 1715 1449 1799 requirunt.
1539 1718 1749 1795 Quem
1767 1726 1795 1768 (Ι
1839 1736 1987 1778 cum
2027 1735 2158 1777 non
2197 1714 2602 1795 invenissent,
2646 1713 2728 1777 ad
2748 1726 2776 1756 ¹·

537 1798 844 1882 requisita
871 1818 1018 1861 eum
1047 1808 1310 1862 naturae
1339 1797 1638 1879 residere,
1668 1797 1976 1895 suspicati
2004 1807 2169 1860 sunt.
2236 1796 2447 1877 Quem
2478 1818 2625 1860 cum
2652 1818 2775 1861 nec

537 1879 630 1943 ibi
653 1903 721 1945 re
769 1881 1101 1965 perissent,
1144 1880 1518 1945 vestiarium
1548 1879 1729 1944 illum
1771 1890 2221 1965 1nterrogant⁵,
2267 1879 2422 1965 quid
2470 1877 2551 1944 de
2582 1880 2775 1943 Perc-

536 1964 685 2027 tarit
729 1973 944 2028 actum
970 1963 1210 2027 fuisset.
1264 1962 1516 2043 Quibus
1546 1963 1671 2046 ille,
1693 1963 1931 2048 fugisse
1955 1986 2122 2044 eum,
2151 1962 2498 2048 respondit.
2564 1961 2776 2042 Quem

537 2048 750 2110 statim
793 2045 1038 2132 capillis
1081 2047 1566 2132 adprehensum,
1609 2046 1889 2112 furentes
1918 2068 2192 2132 eumque
2233 2044 2661 2127 verberantes,
2691 2047 2780 2110 ad

536 2128 844 2215 palatium
872 2129 1246 2216 pertrahunt
1259 2134 1296 2193 ‘.
1371 2130 1669 2215 Eumque
1711 2131 1779 2193 in
1822 2130 1991 2215 regis
2032 2131 2496 2227 praesentiam¹¹
2539 2128 2771 2215 perdu-

539 2221 771 2295 centeS,
815 2213 1006 2299 fugae
1054 2214 1368 2278 Perctarit
1420 2213 1591 2277 hunc
1649 2235 1787 2277 esse
1846 2234 2171 2277 conscium
2206 2213 2478 2298 ideoque
2529 2222 2775 2277 mortev

540 2295 1004 2381 dignissimum,
1046 2295 1286 2361 dicunt.
1375 2295 1640 2376 Quemw
1684 2319 1800 2361 rex
1844 2296 2077 2359 dimitti
2117 2297 2445 2395 praecepit
2504 2318 2651 2360 eum
2693 2318 2780 2361 ue

539 2400 656 2465 per
712 2380 1033 2461 ordinem,
1095 2379 1364 2466 qualiter
1415 2381 1731 2445 Perctarit
1792 2379 2147 2464 effugisset,
2206 2380 2553 2466 inquisivit.
2739 2402 2778 2444 e

537 2463 676 2548 regi
721 2463 1018 2527 universa
1052 2464 1217 2528 sicut
1244 2473 1389 2527 acta
1428 2463 1681 2529 fuerant
1705 2461 1939 2527 retulit.
2026 2462 2210 2527 Tunc
2230 2484 2350 2527 rex
2378 2475 2460 2527 a¹
2505 2463 2778 2528 circum-

540 2546 856 2611 stantibus
930 2547 1263 2631 requisivit
1334 2546 1582 2611 dicens:
1682 2546 1875 2628 ‘Quid
1937 2544 2122 2611 vobis
2186 2545 2265 2610 de
2329 2547 2587 2612 homine
2651 2548 2779 2611 isto

536 2628 822 2708 videtur,
906 2630 1016 2715 qui
1091 2628 1244 2694 talia
1320 2630 1781 2716 perpetravit'?
1879 2630 2063 2695 Tunc
2143 2651 2361 2694 omnes
2418 2652 2547 2694 una
2609 2651 2775 2695 voce

537 2712 1019 2797 responderunt,
1077 2735 1213 2777 esse
1268 2734 1416 2776 eum
1475 2713 1745 2797 dignum
1796 2711 2010 2776 multis
2066 2711 2395 2798 suppliciis
2453 2714 2780 2778 excrucia-

537 2802 677 2858 tum
740 2795 1018 2858 interire.
1122 2794 1214 2859 At
1252 2816 1403 2859 rex:
1476 2797 1625 2860 ‘Per
1683 2795 1862 2943 {Jeum
1878 2796 1933 2884 Y]
2003 2797 2112 2881 qui
2175 2818 2279 2861 me
2343 2797 2523 2860 nasci
2572 2796 2774 2880 fecit’,

534 2877 772 2974 inquit,
815 2876 1108 2960 ‘dignus2
1153 2886 1250 2941 est
1288 2877 1480 2941 homo
1521 2880 1642 2942 iste
1731 2901 1848 2943 ene
1888 2878 2142 2958 habere,
2195 2881 2307 2965 qui
2349 2902 2416 2944 se
2474 2901 2590 2965 pro
2648 2879 2776 2944 fide

538 2982 640 3023 sm
694 2960 939 3023 domini
981 2961 1210 3024 morti²
1242 2961 1491 3026 tradere
1517 2982 1649 3024 non
1675 2963 2030 3026 recusavit'.
2103 2962 2399 3047 Eumque
2428 2984 2582 3026 mox
2609 2964 2776 3027 inter

539 3063 690 3105 suos
717 3041 1049 3106 vestiarios
1078 3064 1217 3108 esse
1243 3045 1589 3128 praecepit,
1619 3065 1989 3109 ammonens
2030 3068 2196 3127 eum,
2240 3055 2311 3109 ut
2340 3045 2463 3109 sibi
2508 3046 2776 3111 eandem

537 3124 771 3188 fidemb
859 3146 1009 3188 uam
1050 3126 1403 3190 Perctaritc
1446 3125 1756 3191 habuerat
1795 3139 2101 3211 servaret3
2153 3126 2350 3193 multa
2392 3151 2458 3192 se
2503 3130 2561 3193 ei
2605 3149 2776 3193 com-

538 3207 731 3272 moda
746 3209 774 3251 ‘¹
875 3210 1226 3294 argiturum
1308 3210 1703 3294 promittens.
1819 3209 2113 3295 Cumque
2184 3233 2301 3276 rex
2363 3212 2714 3297 requireret
2727 3223 2776 3294 θ,

537 3394 584 3448 a)
617 3398 892 3449 reputabant
920 3398 957 3438 F
992 3398 1030 3439 1.
1151 3395 1201 3450 b)
1233 3400 1461 3440 vestarius
1499 3399 1541 3440 A
1574 3401 1613 3442 2.
1734 3396 1778 3450 ο)
1809 3400 1859 3440 in
1889 3411 1980 3449 quo
2011 3400 2052 3440 A
2087 3401 2124 3442 1.
2251 3401 2297 3451 d)
2331 3399 2647 3440 misericordia
2674 3400 2712 3439 Ρ
2730 3402 2772 3441 1.

541 3455 583 3497 G
615 3458 743 3498 1-3.
865 3454 909 3508 e)
943 3458 1024 3505 qui
1055 3455 1096 3496 A
1127 3458 1168 3497 8.
1202 3457 1254 3500 F.
1290 3457 1345 3498 G.
1479 3456 1516 3508 f)
1551 3470 1626 3508 aq.
1659 3458 1694 3499 C
1726 3455 1799 3508 ἰς
1831 3458 2148 3508 adquiebisset
2176 3459 2214 3498 Ρ
2248 3461 2287 3500 1.
2423 3456 2472 3509 ε)
2506 3459 2629 3507 regis
2659 3459 2697 3498 Ρ
2730 3460 2771 3499 1.

538 3511 587 3565 h)
620 3516 893 3563 gravissimo
922 3515 962 3555 A
995 3515 1038 3559 5.
1071 3515 1121 3557 Ο.
1156 3517 1214 3558 D.
1244 3517 1282 3556 Ρ
1316 3518 1357 3557 2.
1389 3517 1432 3556 4.
1465 3515 1504 3557 G
1524 3518 1563 3559 2.
1598 3516 1670 3559 50.
1690 3527 1728 3557 c.
1760 3516 1843 3558 18.
1964 3513 1999 3566 i)
2031 3516 2249 3557 hesterna
2277 3526 2383 3557 sera
2410 3527 2524 3559 corr.
2553 3516 2773 3558 hesterno

538 3570 1698 3625 seroA2.D1.G1.'2,seitaA6.Gl.2.
1743 3575 2003 3615 Dara
2049 3574 2331 3625 Hba.13;
2372 3585 2774 3616 semem.cena

541 3631 583 3672 G
616 3633 665 3681 23
713 3636 838 3672 serat
866 3632 903 3670 F
937 3634 987 3683 13
1031 3632 1278 3673 hesternae
1312 3629 1551 3686 (hesterni)
1582 3634 1676 3674 diei
1706 3643 1810 3674 sero
1856 3632 1899 3673 G
1928 3633 1997 3675 δα.
2021 3644 2065 3683 c;
2118 3633 2335 3674 hesterno
2366 3645 2416 3674 se
2448 3644 2491 3673 v.
2524 3633 2569 3672 Η
2601 3635 2641 3675 1.
2674 3633 2699 3672 Ι
2731 3635 2771 3679 1.

542 3710 595 3720 -
627 3691 743 3730 adeo
774 3700 817 3731 o.
850 3690 909 3730 D.
947 3711 1000 3722 -
1030 3691 1159 3740 impl.
1191 3691 1234 3730 D
1267 3692 1310 3732 3.
1345 3690 1387 3732 G
1418 3692 1549 3741 1.⁴2;
1579 3692 1694 3742 repl.
1727 3691 1768 3734 G
1799 3691 1842 3731 3.
1970 3690 2019 3742 k)
2051 3692 2141 3731 huc
2171 3691 2214 3730 A
2244 3693 2286 3733 2.
2403 3689 2440 3742 1)
2470 3694 2627 3741 posset
2655 3692 2693 3732 Β
2730 3693 2776 3735 1.

539 3744 604 3797 m)
635 3757 674 3790 c.
709 3748 741 3786 i.
772 3747 814 3786 A
845 3744 906 3786 ’3.
1027 3749 1077 3800 n)
1110 3750 1406 3798 quiescerent
1435 3750 1473 3790 Ε·
1506 3752 1547 3791 1.
1668 3749 1715 3801 o)
1747 3760 1903 3789 rursus
1935 3748 1976 3789 A
2010 3751 2050 3791 3.
2186 3748 2237 3801 p)
2267 3751 2331 3789 ita
2362 3749 2403 3790 A
2435 3751 2476 3791 1.
2507 3750 2549 3788 4.
2582 3749 2624 3790 ὕ.
2656 3750 2694 3790 Β
2732 3751 2776 3792 1.

541 3805 576 3846 C
607 3801 670 3846 ’1.
700 3805 740 3844 Ε
777 3807 816 3846 1.
849 3805 886 3844 F
919 3807 959 3845 1.
996 3804 1037 3846 G
1069 3808 1206 3856 1—43
1248 3808 1450 3849 eundem
1480 3809 1519 3847 B
1554 3809 1595 3849 2.
1627 3808 1688 3848 D.
1721 3808 1758 3847 F
1790 3809 1832 3847 5.
1862 3807 1907 3847 Η
1941 3809 1986 3857 13
2018 3808 2141 3848 idem
2169 3808 2212 3847 A
2242 3808 2293 3857 33
2325 3807 2532 3848 eiusdem
2562 3804 2604 3845 A
2636 3806 2697 3847 2?
2728 3808 2773 3850 6.

541 3863 577 3905 Ο
612 3864 652 3901 1.
686 3863 727 3903 2.
759 3862 796 3901 F
827 3861 867 3904 4.
900 3862 941 3903 G
971 3864 1012 3904 5.
1043 3864 1068 3903 1
1101 3866 1139 3905 1.
1261 3863 1308 3916 q)
1341 3866 1451 3905 deese
1485 3866 1527 3907 G
1560 3867 1582 3905 1
1618 3863 1874 3918 (erasum).
1908 3866 1952 3906 3.
1985 3865 2027 3905 4.
2160 3864 2201 3918 r)
2236 3866 2295 3906 ad
2326 3866 2552 3915 requisita.
2585 3887 2638 3896 —
2670 3876 2773 3916 rep·

538 3921 771 3971 perissent
798 3921 884 3963 des.
916 3923 955 3961 B
986 3919 1038 3961 2?
1067 3922 1147 3962 13.
1179 3923 1241 3964 ed.
1274 3934 1346 3972 pr.
1495 3921 1537 3975 s)
1569 3924 1917 3973 interrog-abant
1948 3921 2062 3964 (³⁶2.
2098 3925 2137 3965 2.
2257 3923 2292 3977 t)
2321 3924 2640 3975 pertrahentes
2669 3922 2773 3965 Aa.

538 3976 587 4030 u)
619 3980 882 4029 praesentia
911 3980 954 4018 D
990 3981 1030 4021 1.
1062 3979 1099 4019 F
1129 3981 1172 4021 4.
1208 3980 1250 4021 G
1280 3981 1406 4020 1-4.
1523 3978 1573 4032 v)
1605 3992 1709 4022 enm
1741 3985 1931 4022 mortem
1977 3981 2018 4022 A
2052 3984 2090 4025 1.
2209 3980 2270 4033 w)
2304 3982 2392 4030 Qui
2422 3982 2459 4021 F
2492 3983 2532 4022 1.
2569 3981 2610 4022 G
2643 3983 2774 4023 1—4.

542 4057 595 4068 —
628 4048 712 4079 rex
741 4039 852 4078 dem
882 4037 918 4079 Ο
948 4034 1008 4078 ’1.
1042 4039 1082 4083 1.
1219 4036 1268 4091 x)
1300 4040 1412 4079 dem
1441 4038 1484 4079 A
1516 4040 1558 4080 8.
1695 4038 1744 4091 y)
1777 4041 1886 4080 dem
1918 4038 1958 4079 A
1992 4043 2032 4082 1.
2068 4043 2108 4081 2.
2144 4041 2184 4082 3.
2215 4041 2265 4083 F.
2299 4040 2363 4090 G,
2388 4045 2491 4090 pose
2520 4039 2622 4080 aad.
2655 4041 2694 4080 Β
2731 4043 2769 4083 1.

540 4096 583 4135 D
616 4097 666 4145 13
696 4106 781 4145 per
809 4097 943 4136 illum
974 4096 1015 4136 A
1047 4096 1088 4138 6.
1117 4096 1142 4135 1
1171 4096 1213 4138 3.
1366 4095 1409 4150 z)
1438 4098 1629 4147 dig-num
1661 4097 1703 4138 G
1735 4100 1775 4137 1.
1805 4095 1854 4138 '2
1900 4097 2033 4151 (corr.
2081 4100 2124 4140 d.
2174 4111 2212 4140 e.
2257 4099 2496 4139 hominem
2524 4095 2694 4150 illum).
2728 4100 2774 4138 2.

542 4150 1148 4203 a)morteA8.G‘2.8.
1283 4152 1331 4206 b)
1364 4155 1620 4199 demAS.
1754 4154 1797 4207 c)
1830 4152 2773 4206 adP.Aseeeeorv-.G·2;eum1³.

539 4221 705 4252 scm.
748 4213 863 4253 131.
910 4211 1024 4263 Gl,
1073 4214 1203 4253 etita
1251 4216 1290 4254 B
1326 4216 1394 4254 la.
1443 4213 1598 4264 G5a3
1643 4214 1836 4263 etgar.
1883 4214 1932 4256 Ο.
1979 4216 2039 4257 D.
2075 4217 2253 4265 11.2;
2301 4213 2770 4265 q.P.h.au.As.

540 4265 588 4319 d)
621 4271 851 4318 quomoda
878 4281 993 4312 corr.
1026 4271 1306 4324 co(m)moda
1336 4272 1377 4313 G
1408 4274 1448 4311 1.
1479 4269 1543 4315 ’2.
1577 4274 1617 4315 2.
1648 4273 1689 4313 3.
1722 4273 1766 4313 4.
1887 4271 1932 4325 e)
1963 4274 2217 4323 inquireret
2245 4275 2288 4313 D
2323 4275 2365 4314 2.
2397 4273 2441 4315 3.
