3042 4909
417 391 638 443 PAULI
678 392 1029 445 HISTORIA
1068 391 1745 446 LANGOBARDORUM.
1801 392 1962 447 Lm.
2005 394 2099 445 VI.
2300 395 2403 446 233

166 556 418 639 stravit;
475 579 594 622 nec
637 581 742 624 am
791 557 917 623 lius
977 559 1112 624 ibin
1167 558 1399 659 aliquis
1455 579 1495 622 a
1551 561 1776 645 parteb
1828 559 2400 645 Langobardorum

161 639 394 705 cecidit
457 662 650 727 quam
758 641 1119 723 icualdusss,
1181 665 1293 729 qu1
1348 654 1484 707 erat
1535 644 1662 707 iam
1722 654 1928 709 aetate
1979 643 2402 730 grandaevus·

155 722 286 807 Iste
329 745 606 811 namque
658 727 727 790 in
785 727 1100 812 superiori
1205 749 1395 826 ugna,
1456 728 1660 813 quae(¹
1717 729 1836 794 sub
1881 727 2181 794 Ferdulfo
2236 728 2405 793 facta

161 816 275 889 est,
322 808 483 873 duos
526 808 691 875 filios
737 811 1058 875 amiserat.
1153 750 1285 891 ξω
1342 832 1487 874 cum
1550 811 1760 896 prima
1801 822 1864 877 et
1921 811 2205 877 secunda
2261 814 2402 878 vice

161 891 345 956 iuxta
386 890 781 960 voluntatem
825 916 1007 958 suam
1038 905 1142 959 se⁰
1174 893 1254 959 de
1286 891 1533 959 Sclavis
1577 894 1746 960 ultus
1790 905 1972 977 esset,
2017 898 2213 962 tercia
2243 898 2400 980 vice,

162 974 579 1060 prohibentes
621 978 783 1042 duce
829 987 893 1043 et
935 976 1076 1042 aliis
1119 977 1583 1064 Langobardis,
1627 1000 1757 1043 non
1801 981 2009 1066 potuit
2063 979 2338 1046 inhiberi
2352 992 2401 1063 8,

161 1057 276 1123 sed
319 1060 409 1124 ita
451 1060 582 1124 eish
626 1060 989 1147 respondit:
1056 1060 1211 1125 ‘Iam
1258 1062 1456 1142 satis',
1502 1061 1728 1148 inquit,
1779 1068 2085 1128 ‘meorum
2127 1062 2402 1128 filiorum

162 1143 467 1207 mortemi
527 1145 876 1227 vindicavi,
953 1157 1017 1210 et
1070 1146 1218 1226 iam,
1279 1146 1332 1209 si
1387 1144 1737 1229 advenerit,
1794 1145 1998 1212 laetus
2056 1147 2401 1234 suscipiam

161 1229 472 1292 mortem’.
537 1228 936 1315 Factumque
966 1236 1080 1311 est,
1124 1230 1231 1294 eth
1262 1229 1400 1314 ipse
1431 1227 1603 1293 solus
1633 1231 1700 1294 in
1730 1229 1955 1295 eadem
1997 1253 2216 1317 pugna
2256 1254 2400 1317 per·

160 1320 416 1396 emptus
460 1321 574 1376 est.
659 1314 925 1378 Pemmo
968 1334 1121 1378 vero
1174 1334 1317 1377 cum
1377 1312 1609 1378 multos
1666 1314 2069 1379 inimicorum
2172 1324 2401 1380 rostra-

158 1393 392 1476 visset,
445 1404 733 1461 metuens
790 1417 871 1460 ne
923 1395 1230 1482 aliquem¹
1288 1417 1550 1461 suorum
1608 1395 1884 1483 amplius
1941 1399 2007 1462 in
2051 1399 2130 1464 be
2181 1421 2217 1463 o
2309 1421 2402 1463 er-

158 1475 403 1560 deretm,
457 1500 606 1544 cum
650 1480 886 1545 eisdem
924 1478 1169 1545 Sclavis
1212 1481 1279 1544 in
1321 1481 1547 1546 eodem
1589 1477 1729 1547 loco
1772 1481 1950 1566 pacis
1995 1504 2230 1547 concor
2274 1503 2403 1546 iam

156 1561 372 1643 iniitn3
418 1572 609 1648 atque
656 1586 739 1628 ex
767 1562 874 1629 illo
918 1565 1048 1628 iam
1088 1572 1219 1629 tem
1271 1585 1379 1629 ore
1422 1565 1628 1650 magis
1657 1585 1735 1628 ac
1764 1566 2010 1650 magis⁰
2057 1577 2404 1653 coeperunt

159 1643 380 1711 Sclavi
422 1645 955 1712 Foroiulanorum
997 1669 1176 1712 arma
1242 1647 1579 1714 ormidare.

322 1729 425 1794 46.
509 1730 611 1794 Eo
671 1740 958 1818 tempore
1075 1754 1186 1796 ens
1264 1731 1802 1797 Sarracenorumv
1888 1735 1953 1797 in
2024 1731 2212 1797 locoq
2290 1736 2401 1819 qui

156 1810 459 1899 Septemr
502 1814 735 1879 dicitur
754 1828 771 1863 ¹
835 1837 919 1880 ex
973 1813 1036 1880 A
1062 1816 1197 1880 rica
1248 1815 1756 1898 transfretantes,
1819 1817 2181 1882 universam
2242 1816 2401 1902 Spa-

152 1897 373 1960 niams
419 1897 805 1963 invaserunt.
894 1898 1149 1964 Deinde
1178 1909 1325 1985 post
1361 1899 1585 1965 decem
1630 1903 1864 1964 annos‘
1896 1920 2040 1964 cum
2083 1901 2395 1967 uxoribus

154 1990 218 2045 et
294 1979 533 2046 arvulis
551 1993 578 2025 ¹¹
620 1984 965 2065 venientes,
1011 1983 1461 2069 Aquitaniamv
1494 1982 1743 2049 Galliae
1785 1984 2185 2069 provinciam
2261 1987 2404 2049 uasi

154 2063 241 2127 ha
290 2065 506 2129 itaturi
568 2067 840 2153 ingressi
905 2077 1068 2132 sunt.
1159 2065 1486 2132 Carolusw
1545 2066 1861 2153 siquidem
1926 2088 2070 2132 cum
2131 2067 2236 2131 Eu
2283 2088 2403 2134 one

150 2146 543 2234 Aquitaniae
596 2152 890 2237 principe
939 2160 1093 2216 tunc
1151 2150 1534 2215 discordiam
1590 2149 1867 2216 habebat
1882 2163 1933 2215 ¹.
2022 2151 2150 2231 Qui
2191 2160 2403 2217 tamen

152 2230 223 2294 in
269 2253 468 2295 unum
520 2256 586 2298 se
638 2236 1093 2320 coniungentes
1114 2245 1158 2318 ²,
1219 2244 1443 2299 contra
1500 2234 1759 2300 eosdem
1811 2233 2199 2300 Sarracenos
2261 2236 2403 2321 pari

152 2313 421 2380 consilio
474 2314 870 2383 dimicarunt.
962 2318 1157 2382 ‘Nam
1200 2319 1524 2384 inruentes
1567 2318 1801 2382 Franci
1859 2340 2052 2404 super
2108 2339 2237 2400 eos,
2281 2328 2497 2394 tre-⁶1».
2515 2344 2613 2386 181.

149 2407 386 2464 centa?
416 2404 820 2488 septuaginta
849 2403 1130 2489 quinque
1158 2400 1334 2467 milia
1364 2401 1863 2467 Sarracenorum
1891 2402 2402 2485 interimerunt⁸;

149 2503 236 2546 ex
305 2483 701 2550 Francorum
762 2507 914 2552 vero
972 2494 1155 2572 parte
1211 2484 1380 2551 mille
1439 2496 1539 2552 et⁸
1599 2486 1932 2572 quingenti
1998 2494 2244 2551 tantum
2310 2485 2401 2550 ibi

147 2565 578 2634 ceciderunt-⁴³.
686 2568 916 2635 Eudo»
980 2591 1234 2657 quoque
1291 2591 1436 2634 cum
1488 2570 1621 2635 suis
1680 2591 1872 2656 super
1922 2590 2141 2634 eorum
2197 2580 2402 2635 castra

144 2652 444 2734 inruens,
550 2654 644 2717 ari
686 2654 877 2719 modo
922 2653 1155 2719 multos
1198 2654 1604 2737 interficiens,
1659 2654 1873 2717 omnia
1916 2652 2291 2718 devastavit.

321 2737 427 2800 47.
501 2675 660 2801 {loc
688 2738 879 2803 etiam
923 2747 1210 2825 tempore
1245 2737 1470 2803 eadem
1503 2738 2038 2803 Sarracenorum⁴
2066 2759 2221 2823 gens
2254 2758 2398 2802 cum

141 2820 444 2885 inmenso
497 2822 822 2886 exercitu⁰
870 2822 1150 2905 veniens,
1198 2820 1816 2907 Constantinopolim
1862 2820 2280 2887 circumdedit
2320 2843 2397 2885 ae

142 2905 456 2968 continuo
490 2905 647 2991 per‘¹
677 2906 1017 2971 triennium
1048 2905 1316 2988 obsedit,
1349 2906 1572 2989 donec,
1606 2906 1849 2971 civibus
1874 2903 2071 2969 multa
2100 2906 2400 2971 instantia

139 2987 229 3051 ad
274 2986 493 3053 Deum
538 2987 990 3073 clamantibuS,
1043 2987 1304 3076 plurimi
1347 3012 1568 3056 eorum
1612 2989 1780 3056 fame
1826 2998 1888 3055 et
1928 2990 2186 3076 frigore,
2230 2986 2397 3055 bello

139 3148 188 3203 a)
226 3151 322 3191 sibi
353 3151 391 3190 F
427 3153 464 3194 1.
616 3150 663 3204 b)
695 3156 874 3203 partem
908 3152 949 3193 G
981 3154 1032 3202 33
1078 3153 1138 3194 ad
1169 3157 1348 3205 partem
1381 3153 1422 3194 G
1452 3154 1495 3194 4.
1648 3151 1690 3206 c)
1724 3152 1974 3202 sigualdus
2016 3152 2056 3193 A
2089 3153 2131 3194 2.
2165 3153 2218 3197 G.
2248 3153 2299 3195 F.
2334 3152 2396 3203 03

141 3209 406 3260 siguoidue
437 3211 476 3251 E
512 3212 559 3260 13
608 3209 886 3260 Sigiwaldua
920 3210 961 3252 G
991 3211 1067 3261 503
1114 3210 1343 3253 Siwaldua
1376 3212 1418 3251 D
1451 3213 1492 3253 2.
1528 3212 1569 3252 8.
1722 3209 1768 3263 d)
1802 3213 1910 3251 deese
1956 3213 2009 3256 F.
2040 3211 2094 3259 G,
2121 3216 2223 3262 poet
2252 3212 2394 3262 eappl.

145 3267 189 3310 G
227 3269 364 3309 1-8.
503 3267 548 3322 e)
581 3270 663 3311 sed
696 3282 754 3312 ex
788 3270 834 3312 8.
863 3272 900 3311 F
935 3273 974 3312 1.
1113 3269 1148 3323 f)
1180 3271 1501 3321 prohibentem
1535 3270 1592 3325 (9)
1629 3269 1669 3312 G
1705 3273 1745 3312 1.
1896 3268 1943 3321 g)
1977 3271 2179 3312 inveniri
2211 3271 2246 3310 F
2280 3272 2319 3309 1.
2355 3271 2395 3310 2.

144 3328 188 3369 G
225 3329 271 3370 1.
308 3328 350 3369 2.
384 3327 434 3378 43
484 3329 695 3371 invenire
727 3329 767 3370 G
799 3329 841 3370 8.
992 3326 1041 3381 h)
1075 3331 1119 3370 ei
1150 3331 1187 3370 F
1221 3332 1261 3371 1.
1298 3329 1338 3370 G
1372 3331 1424 3378 13
1474 3329 1586 3369 dem
1618 3328 1659 3370 G
1694 3331 1734 3371 2.
1886 3326 1922 3380 i)
1956 3333 2102 3370 morte
2134 3329 2175 3368 D
2212 3330 2252 3371 1.
2285 3329 2322 3369 F
2357 3331 2397 3372 1.

143 3386 188 3428 G
223 3386 269 3430 8.
304 3387 356 3437 43
387 3386 498 3427 dem
531 3386 572 3428 G
604 3390 644 3431 2.
694 3410 746 3420 -·
793 3388 1046 3429 vindicavit
1076 3388 1113 3427 F
1146 3389 1186 3431 1.
1223 3388 1263 3428 G
1297 3389 1336 3429 1.
1394 3409 1445 3418 —
1496 3388 1722 3438 suscipiat
1754 3386 1795 3428 G
1828 3387 1869 3427 8.
1900 3386 1946 3428 4.
2097 3385 2145 3439 k)
2179 3389 2230 3427 ut
2260 3386 2301 3426 A
2333 3384 2394 3427 ’8.

140 3443 176 3497 1)
212 3445 398 3496 aliquid
429 3445 466 3485 1²·
500 3448 539 3486 1.
573 3445 614 3487 G
650 3449 690 3489 1.
724 3448 773 3497 23
806 3447 979 3498 aliquis
1011 3445 1106 3487 G3.
1140 3447 1196 3497 43
1228 3447 1408 3496 aliquos
1442 3444 1572 3487 Gbc.
1693 3444 1754 3498 m)
1784 3445 2032 3496 perderent
2060 3446 2098 3486 Γ
2119 3448 2158 3487 1.
2195 3444 2236 3486 G
2258 3446 2391 3495 1—83

139 3506 363 3556 perirent
395 3503 436 3544 G
466 3505 494 3544 4
524 3517 545 3545 e
575 3516 688 3546 corr.
825 3503 873 3557 n)
908 3516 1055 3546 eorum
1085 3516 1196 3555 quae
1225 3509 1468 3555 sequuntur
1498 3505 1547 3545 in
1590 3503 1630 3545 G
1663 3505 1688 3545 8
1713 3515 1862 3554 pauca
1893 3509 2061 3545 tantum
2090 3505 2171 3554 lem·
2195 3508 2393 3554 poenum,

139 3574 287 3613 neque
320 3563 378 3602 Ba
409 3573 460 3602 σα
484 3564 675 3614 praebet.
829 3566 874 3616 ο)
910 3575 964 3605 ac
995 3575 1055 3606 m.
1089 3565 1174 3607 dee.
1225 3566 1275 3607 Ο.
1324 3564 1383 3606 D.
1433 3564 1456 3603 1
1490 3565 1532 3606 1.
1683 3561 1732 3615 p)
1766 3563 1922 3606 Sarac.
1965 3564 1999 3603 F
2035 3565 2055 3603 1
2082 3564 2175 3614 jam
2204 3563 2394 3613 saepius.

141 3620 193 3674 q)
230 3623 389 3662 iocum
420 3622 458 3661 E
495 3625 545 3673 ις
596 3623 645 3664 in
676 3624 779 3665 loco
811 3625 896 3664 des.
928 3623 969 3663 A
1003 3624 1043 3666 8.
1194 3622 1233 3675 r)
1267 3623 1489 3673 septimus
1523 3624 1564 3663 D
1600 3623 1729 3664 2-4.
1880 3620 1920 3674 ε)
1954 3622 2227 3672 Hispaniam
2259 3621 2301 3661 A
2333 3618 2394 3662 ’2.

139 3682 185 3723 8.
218 3681 265 3723 4.
300 3680 335 3722 Ο
372 3681 410 3723 1.
445 3681 505 3722 D.
536 3682 573 3721 B
607 3682 651 3723 4.
769 3681 804 3733 t)
839 3683 974 3724 annia
1006 3683 1048 3722 A
1081 3684 1120 3725 2.
1241 3680 1288 3734 u)
1319 3682 1498 3733 parvuli
1530 3682 1567 3721 F
1600 3683 1641 3724 1.
1771 3678 1818 3732 v)
1852 3679 2106 3731 Aquitania
2134 3681 2171 3721 Ε·
2207 3682 2245 3724 1.
2281 3679 2321 3721 G
2354 3681 2395 3722 1.

136 3738 204 3791 w)
239 3739 446 3780 Karoius
477 3740 554 3780 hoo
582 3740 675 3781 loco
706 3741 743 3781 F
779 3744 818 3784 1.
968 3740 1018 3793 x)
1048 3741 1282 3783 habebant
1314 3740 1355 3782 G
1390 3743 1429 3783 1.
1466 3742 1506 3782 2.
1542 3736 1604 3783 ’8.
1755 3738 1803 3791 y)
1836 3740 2034 3781 tricenta
2063 3740 2100 3779 F
2134 3742 2182 3789 13
2214 3739 2398 3780 tricenti

143 3798 189 3841 G
228 3799 270 3840 1.
309 3799 361 3848 2;
408 3802 638 3840 trecentos
668 3800 711 3839 D
745 3801 785 3845 2.
906 3798 949 3853 z)
982 3801 1044 3840 ita
1075 3799 1116 3840 A
1150 3801 1190 3841 2.
1241 3800 1275 3842 0
1309 3802 1349 3841 1.
1383 3801 1419 3840 F
1454 3803 1495 3841 1.
1533 3798 1573 3841 G
1607 3801 1645 3840 1.
1682 3799 1732 3850 23
1780 3799 2057 3840 interierunt
2085 3798 2127 3838 A
2160 3799 2210 3848 83
2256 3798 2395 3839 inter·

140 3859 313 3907 empta
343 3861 451 3897 aunt
480 3858 518 3898 Β
554 3859 594 3898 1.
726 3855 771 3910 a)
804 3859 915 3899 dem
947 3857 987 3899 A
1019 3859 1060 3901 2.
1196 3858 1243 3912 b)
1276 3860 1405 3901 Eodo
1435 3855 1555 3900 Α’8.
1679 3857 1721 3911 c)
1756 3858 2009 3899 exereitum
2039 3863 2076 3902 F
2096 3858 2135 3899 1.
2259 3855 2304 3910 d)
2334 3857 2397 3896 aa

138 3917 184 3957 Α
225 3914 288 3956 19
325 3914 381 3955 2?
412 3915 447 3958 O
482 3919 527 3967 13
561 3917 833 3958 continuum
863 3928 948 3968 per
977 3919 1019 3958 D
1052 3918 1104 3969 83
1136 3928 1221 3969 per
1251 3920 1520 3960 continuum
1553 3915 1593 3957 A
1624 3912 1685 3959 ’2.
1721 3914 1783 3959 ’8.
1819 3918 1862 3961 8.
1892 3914 1954 3957 ’4.
1984 3918 2022 3957 Β
2059 3918 2099 3957 2.
2131 3917 2170 3957 E
2206 3918 2247 3956 1.
2280 3916 2317 3955 F
2354 3917 2395 3958 1.

144 3975 191 4017 G
226 3972 307 4015 ba.
341 3973 384 4014 H
418 3977 469 4026 13
500 3986 585 4027 per
616 3977 834 4017 continuo
869 3975 909 4018 G
944 3978 994 4027 23
1025 3987 1108 4027 per
1138 3978 1324 4019 contiuo
1359 3977 1399 4019 G
1433 3979 1473 4020 1.
1508 3974 1571 4018 ’8.

148 4122 208 4191 1)
258 4120 444 4176 Ucuta-
541 4122 621 4191 (If.
663 4126 727 4176 θ.
780 4134 932 4192 pont.
993 4126 1146 4196 G‘rey.
1207 4126 1288 4178 ΙΙ.
1477 4126 1536 4196 2)
1579 4125 1658 4194 CJ.
1701 4127 1890 4180 Chron.
1951 4125 2134 4177 Moise.
2176 4141 2230 4189 p.
2272 4124 2395 4174 291.

141 4196 208 4264 3)
254 4195 349 4247 Ex
389 4196 454 4251 G.
483 4206 639 4264 pont.
694 4198 850 4267 ἄνερ.
893 4199 966 4251 II
971 4219 988 4263 ‚-
1046 4199 1133 4253 cui
1182 4209 1356 4252 tamen
1396 4199 1602 4251 Paulus
1643 4201 1815 4267 plura
1862 4199 2065 4267 adjecit.
2158 4195 2393 4249 Ceterum

139 4271 224 4324 ad
256 4285 507 4337 pugnam
547 4288 598 4322 a.
631 4271 754 4326 781.
816 4271 1200 4326 Ρίοιαυίοπσεπι
1226 4272 1355 4325 haec
1392 4273 1676 4343 referenda
1702 4290 1810 4326 esee
1837 4286 2160 4339 persuasum
2197 4270 2392 4333 habeo,-

134 4363 194 4398 v.
256 4340 374 4395 VG‘.
413 4342 529 4408 III,
557 4361 624 4410 12·
667 4345 734 4396 28
774 4362 828 4397 τι.
991 4348 1050 4415 4)
1088 4345 1175 4398 Ex
1212 4346 1388 4399 Beda.
1454 4356 1465 4364 ‘
