3042 4909
547 370 618 420 46
982 368 1204 421 PAULI
1241 368 1589 422 HISTORIA
1639 369 1737 420 LA
1746 360 2321 423 NGOBARDORUM.

550 539 688 604 cod.
731 538 1167 602 Londiniensi
1224 537 1466 604 Cotton.
1521 536 1737 602 Galba
1781 538 1861 601 Ε.
1903 536 1946 600 4
1963 560 1984 601 .·
2054 534 2363 621 Hystoria
2413 535 2785 622 Langobar-

549 619 805 703 dorum3
883 630 1127 687 ortasse
1176 620 1865 687 Colchestrensis:
1917 621 2220 685 Historia
2263 621 2599 702 Dudonis‚
2642 642 2779 688 cos-

545 728 822 792 moqrap
871 707 947 770 ia
986 706 1226 788 E'tlzici‚
1281 703 1521 770 Paulus
1563 703 1664 786 der
1688 703 1959 770 Oassina
1998 702 2361 787 historicus,
2406 713 2464 770 et
2504 706 2573 769 Ε
2583 726 2712 770 ove
2728 728 2785 771 s-

545 790 981 854 hamensis:
1038 788 1327 854 Historia
1380 786 1568 853 Pauli
1624 787 1705 853 de
1761 788 2032 871 Casino,
2090 798 2357 874 uterque
2416 813 2460 853 a
2511 788 2787 871 Leland,

552 872 954 941 Collectanea
984 873 1109 956 HI,
1140 872 1285 937 271.
1316 873 1459 956 269,
1505 872 1848 959 alleqatus,
1879 897 1994 939 nec
2024 882 2237 938 tamen
2269 874 2368 937 ita
2395 874 2783 960 descriptus,

543 966 619 1021 ut
669 967 836 1022 certo
891 980 1242 1043 aqnoscere
1297 958 1510 1038 liceat,
1566 966 1788 1022 utrum
1841 958 2146 1022 Historia
2188 956 2783 1043 Lanqobardorum

547 1065 637 1107 an
679 1042 988 1107 Romana
1028 1043 1115 1107 sit
1154 1041 1366 1107 intelli
1365 1040 1587 1128 qenda
1604 1053 1650 1104 ¹.

712 1125 900 1191 Alios
952 1148 1085 1190 non
1126 1148 1388 1211 paucos
1430 1126 1770 1190 Historiae
1810 1123 2407 1211 Lanqobardorum
2462 1127 2781 1193 eoestitisse

542 1209 810 1291 codices,
873 1232 1096 1275 eorum
1158 1232 1319 1295 quos
1381 1210 1757 1295 superstites
1817 1207 2184 1295 qaude'mus
2240 1211 2527 1275 recensio
2585 1209 2782 1291 docet,

543 1307 819 1441 quorum
859 1296 1033 1359 inter
1074 1316 1139 1360 se
1179 1296 1485 1381 coqnatio
1528 1296 1629 1357 ita
1655 1302 1911 1358 tantum
1938 1292 2269 1380 emplicari
2284 1302 2515 1380 potest.
2593 1292 2785 1368 Quod

591 1399 702 1442 aec
748 1377 1024 1443 ostendit
1062 1378 1369 1442 tabula².·

1256 1497 1326 1561 X
1367 1497 1780 1584 Archetypus

263 1575 2757 1630 r———ffl———ss

561 1625 641 1679 x]
943 1628 1040 1681 x2
1421 1627 1511 1680 13
2029 1626 2121 1679 14

406 1729 414 1749 ¹
576 1765 648 1800 xx
836 1729 1082 1809 ‘B1.2.
1169 1695 2399 1809 &mm

1658 1970 1941 2074 'msam
2068 1954 2250 2044 ᾖξ’
2364 1988 2447 2042 ιτ
2660 1986 2742 2040 18

2256 2057 2787 2168 “c1.'”*2.ffl

2298 2229 2459 2285 GT?

2314 2351 2445 2407 G5.

338 2463 513 2519 ‘mun

703 2466 726 2491 ’⁸'
744 2464 854 2527 Ex
952 2486 1046 2527 ua
1096 2473 1301 2549 patet,
1358 2462 1449 2528 ad
1493 2464 1912 2551 archetypum
1944 2464 2179 2548 plures
2219 2486 2353 2529 esse
2407 2460 2785 2610 rZerendos

536 2545 831 2611 codicum
879 2571 912 2611 c
942 2569 1143 2629 asses,
1187 2548 1424 2633 quibus
1465 2548 1637 2611 inter
1678 2569 1744 2611 se
1788 2549 2193 2634 comparatis
2235 2547 2420 2613 illius
2521 2547 2648 2611 ctio
2690 2554 2783 2610 est

536 2630 964 2695 enucleanda.
1072 2630 1288 2705 Quam
1352 2640 1519 2695 certo
1578 2634 1816 2696 certius
1884 2633 2147 2717 assequi
2212 2631 2399 2696 nobis
2466 2630 2782 2711 videmur,

535 2713 651 2777 ubi
693 2735 909 2778 omnes
950 2713 1050 2779 vel
1099 2737 1347 2800 maqna
1404 2737 1626 2780 eorum
1665 2738 1842 2799 pars
1895 2738 2057 2800 quos
2112 2725 2444 2801 tamquam
2504 2715 2779 2800 optimos

536 2798 851 2883 cujusque
904 2796 1136 2862 classis
1196 2821 1462 2863 numero
1525 2800 1559 2861 1
1616 2799 1749 2882 (vel
1804 2799 1924 2882 *1)
1983 2791 2426 2866 indicavimus
2480 2799 2654 2862 inter
2709 2819 2777 2862 se

535 2881 928 2945 conveniunt
936 2902 963 2963 ,·
1026 2882 1142 2947 sed
1194 2883 1390 2947 etiam
1444 2881 1727 2947 duorum
1777 2882 1875 2947 vel
1928 2887 2129 2950 trium
2191 2903 2540 2949 consensus
2601 2881 2775 2945 idem

533 2963 810 3029 suadere
848 2974 1081 3051 potest.
1166 2965 1318 3051 Ipse
1372 2965 1485 3030 ille
1541 2968 1759 3032 arcbet
1793 2989 1933 3053 pus
1986 2968 2239 3033 mendis
2290 2990 2424 3032 non
2479 2964 2772 3047 carebat,

534 3069 702 3134 quae
745 3070 815 3112 eo
857 3057 1022 3113 nata
1065 3071 1198 3115 esse
1238 3050 1564 3133 videntur,
1612 2990 1803 3151 quoy
1840 3051 2039 3116 Pauli
2087 3050 2389 3117 librariis
2445 3050 2641 3114 verba
2695 3050 2771 3113 in

512 3131 859 3196 -calamum
898 3132 1126 3197 dantis
1169 3156 1397 3199 sensus
1441 3135 1523 3200 ab
1568 3135 1672 3199 his
1714 3138 1986 3284 saqu‘us
2039 3158 2175 3201 non
2231 3145 2395 3201 recte
2446 3131 2767 3221 intelliqe·

1766 3241 1843 3320 {39

530 3215 744 3297 batur,
790 3225 1020 3281 auctor
1060 3238 1208 3282 vero
1237 3241 1315 3283 ea
1345 3219 1688 3284 emendare
1717 3242 1763 3283 n
1902 3222 2004 3284 xit
2028 3219 2128 3285 vel
2154 3230 2351 3285 morte
2427 3226 2767 3303 raereptus

530 3298 719 3363 baud
762 3302 1005 3384 potuit.
1090 3298 1252 3366 Alia
1299 3324 1447 3368 vero
1494 3326 1540 3367 a
1588 3303 1821 3368 scribis
1858 3313 2097 3389 postea
2148 3304 2361 3388 insere
2404 3312 2606 3367 antur
2613 3323 2640 3383 ,·
2691 3300 2769 3365 id

574 3384 708 3449 uod
733 3406 868 3449 non
898 3385 1017 3450 diu
1036 3394 1194 3486 post
1222 3385 1426 3451 Pauli
1465 3396 1758 3473 tempora
1767 3387 2037 3473 factum
2065 3409 2216 3469 esse,
2243 3387 2628 3474 fraqmenta
2670 3407 2768 3450 co-

577 3469 700 3533 icis
729 3468 1090 3534 Asisiensis
1117 3473 1442 3557 rescripta
1470 3472 1718 3554 docent,
1762 3471 2142 3558 quibuscum
2180 3472 2337 3538 libri
2378 3493 2541 3556 quos
2580 3468 2767 3534 habe-

526 3574 671 3617 mus
714 3556 860 3619 anti
901 3555 1206 3620 uissimos
1227 3554 1529 3640 faciunt.
1617 3555 1961 3620 Verborum
2004 3555 2336 3621 distinctio
2376 3577 2537 3620 raro
2580 3554 2766 3618 insti·

526 3644 688 3719 tuta,
718 3658 831 3703 eae
880 3660 976 3702 em
1004 3637 1260 3704 litterae
1278 3641 1354 3704 in
1366 3638 1511 3721 fine
1533 3648 1592 3703 et
1618 3640 1811 3705 initio
1840 3640 2180 3706 verborum
2257 3639 2551 3705 oriendae
2577 3636 2766 3702 semel

529 3728 783 3785 tantum
810 3722 1097 3807 scriptae
1125 3724 1456 3789 erroribus
1482 3744 1618 3788 non
1638 3726 1886 3808 paucis
1917 3746 2148 3789 ansam
2225 3724 2515 3788 ederunt.
2588 3719 2764 3796 Quos

531 3878 590 3947 1)
626 3879 781 3934 Idem
817 3880 1103 3935 dicendam.
1149 3892 1224 3937 est
1274 3885 1341 3937 de
1391 3883 1570 3937 codice
1625 3886 1827 3954 collegii
1870 3886 2050 3939 Eaton
2100 3886 2201 3939 Nr.
2253 3887 2357 3936 103
2413 3883 2609 3948 (Smich
2649 3882 2761 3936 Oat.

526 3953 686 4023 Anql.
719 3972 777 4021 Ρ.
815 3954 920 4017 48,-
955 3954 1121 4010 Arcb.
1169 3956 1295 4022 VH,
1335 3974 1397 4024 Ρ.
1440 3959 1598 4023 343).
1679 3958 1919 4012 Alterum
1966 3976 2105 4024 vero,
2146 3959 2250 4012 Nr.
2302 3959 2371 4010 52
2425 3955 2521 4021 (ib.
2551 3975 2614 4024 p.
2645 3958 2760 4022 4⁷),

525 4026 824 4080 Historiam
836 4029 1100 4095 praebere
1118 4029 1432 4095 Romanam,
1453 4038 1635 4098 aperte
1646 4030 1936 4085 indicatum.
1997 4031 2491 4097 C'lzeltenkcvmensis,
2512 4030 2613 4083 Nr.
2633 4031 2762 4082 451.

525 4100 598 4153 ib.
641 4117 705 4166 Ρ.
763 4103 885 4167 342,
941 4102 1170 4155 continet
1220 4103 1408 4156 Jacobi
1460 4105 1530 4157 de
1582 4105 1845 4174 Vera-qino
1898 4106 2173 4158 historiam
2231 4102 2548 4157 Samctorum
2601 4102 2758 4156 Lom-

527 4172 753 4226 bardam
763 4192 784 4236 ,-
821 4175 960 4228 alius
997 4191 1042 4228 s.
1078 4176 1204 4229 XV.
1243 4177 1407 4230 codex
1433 4175 1618 4242 (Arch-
1657 4180 1693 4233 l.
1731 4181 1764 4232 Ζ.
1799 4196 1855 4245 Ρ.
1882 4180 2015 4243 342)
2056 4179 2261 4232 brevem
2282 4177 2761 4245 Lamqobardorum

525 4246 814 4302 historiam.
963 4246 1024 4317 2)
1061 4250 1259 4304 Paucis
1291 4251 1524 4316 mutatis,
1576 4269 1714 4320 quac
1736 4252 1857 4321 jam
1894 4251 2196 4305 accuratius
2231 4249 2468 4305 indicari
2492 4257 2766 4320 poterant,

524 4320 750 4390 repetita
786 4333 852 4374 ex
890 4322 964 4375 N.
1002 4322 1164 4377 Aron.
1201 4325 1250 4389 I,
1280 4343 1345 4391 Ρ.
1385 4326 1511 4377 569.
