3042 4909
595 413 700 461 210
883 408 1101 458 PAULI
1139 406 1485 458 HISTORIA
1521 403 2189 456 LANGOBARDORUM.
2265 404 2410 454 LIB.
2448 404 2545 454 VI.

637 577 736 640 39.
781 575 884 638 De
937 583 1139 637 morte
1184 571 1411 636 Gisulfi
1468 571 1648 634 ducis
1703 570 2169 635 Beneventanis
2185 580 2211 611 ³
2263 579 2328 634 et
2379 568 2661 634 dueatub
2710 568 2827 634 filii

783 659 919 722 eius
961 654 1320 720 Romualdi.

635 744 735 807 40.
784 740 1125 821 Quomodo
1183 740 1407 804 beatus
1448 739 1772 802 Petronax
1812 739 2266 802 monasterium
2324 739 2523 801 sancti
2579 740 2783 822 patris
2801 750 2827 782 ⁰

781 824 1113 890 Benedicti
1165 831 1322 908 aput
1366 821 1703 886 Oassinum
1718 823 1746 863 ‘¹
1787 823 2125 907 reparavit,
2167 831 2266 886 ete
2322 822 2402 886 de
2443 823 2827 886 monasterio

789 909 993 972 sancti
1022 906 1364 971 Vincentii.

637 993 737 1057 41.
783 990 1119 1073 Quomodo
1136 989 1178 1072 f,
1222 988 1516 1052 defuncto
1560 990 1941 1074 imperatore
1969 988 2350 1071 Theodosio,
2392 989 2526 1052 Leo
2556 990 2659 1052 eig
2687 1012 2829 1054 suc-

786 1076 971 1140 cessit
1011 1076 1078 1137 in
1119 1095 1188 1137 re
1281 1094 1336 1136 o.

637 1161 738 1224 42.
786 1157 1121 1240 Quomodo
1253 1155 1462 1219 arolus
1515 1157 1911 1220 Francorum
1981 1157 2278 1242 princeps
2345 1155 2826 1240 Raginfridumh

784 1267 860 1308 su
906 1243 1125 1307 eravit.

638 1329 738 1392 43.
786 1267 1121 1407 ngmodo
1143 1323 1530 1409 Liutprandi
1550 1346 1668 1387 rex
1694 1323 2096 1387 donationem
2116 1324 2443 1386 Romanae
2458 1324 2488 1364 k
2520 1322 2829 1388 ecclesiae

786 1409 1213 1491 confirmavit,
1271 1409 1362 1473 etl
1425 1406 1747 1493 quomodo
1800 1406 1997 1470 filiam
2050 1406 2422 1492 Theutperti
2488 1408 2557 1468 in
2611 1409 2825 1471 coniu-

834 1495 963 1557 'um
1007 1514 1159 1557 acce
1206 1494 1273 1555 it.

786 1517 1122 1657 &uomodo
1210 1573 1473 1638 aroaldm.
1503 1574 1639 1637 dux
1668 1572 1954 1638 Classem
1995 1574 2244 1655 invasit,
2288 1582 2351 1638 et
2380 1574 2531 1658 quia
2558 1573 2827 1638 Theudo

786 1661 1227 1724 Baioariorum
1272 1657 1405 1720 dux
1447 1658 1531 1720 ad
1587 1656 2015 1743 apostolorum
2055 1658 2277 1719 limina
2318 1658 2591 1719 Romam
2632 1659 2825 1721 venit.

640 1746 743 1808 45.
788 1743 980 1824 Quod
995 1756 1044 1824 ¹¹,
1104 1742 1396 1805 defimcto
1443 1740 1682 1805 Sereno
1771 1740 2106 1821 atriarcha,
2167 1739 2455 1805 Oalixtus
2472 1753 2497 1783 ⁰
2540 1764 2609 1805 re
2658 1742 2829 1806 imen

789 1825 1089 1891 ecclesiae
1111 1848 1293 1889 susce
1341 1827 1408 1906 it,
1432 1833 1494 1887 et
1509 1824 1590 1888 de
1610 1825 1691 1888 be
1739 1845 1775 1887 o
1793 1825 2156 1888 Pemmonis
2175 1825 2515 1888 adversum
2532 1824 2617 1889 Sc
2642 1847 2825 1889 avoS.

641 1911 743 1977 46.
786 1912 890 1975 De
947 1909 1226 1975 adventu
1317 1930 1762 1972 arracenorum
1817 1910 1884 1971 in
1924 1908 2325 1993 Hispaniam,
2384 1917 2446 1972 et
2505 1908 2828 1994 quomodo

790 2007 938 2060 eosl'
985 1992 1254 2058 Carolus
1298 2001 1361 2056 et
1399 1992 1588 2056 Eudo
1606 2005 1634 2046 ‘1
1677 1993 1746 2054 in
1790 1989 1997 2055 Gallia
2038 2000 2433 2076 superarunt.

642 2078 746 2142 47.
790 2077 1124 2159 Quomodo
1185 2076 1518 2141 Sarraceni
1575 2074 2188 2160 Constantinopolim
2241 2074 2614 2139 obsidenmt
2669 2086 2733 2140 et
2788 2098 2830 2140 a

789 2161 1205 2248 Bulgaribusr
1248 2160 1484 2224 devicti
1527 2169 1690 2224 sunt.

641 2248 745 2311 48.
790 2246 1124 2328 Quomodo
1151 2243 1504 2330 Liutprand
1532 2268 1650 2308 rex
1693 2265 1766 2307 co
1846 2266 1921 2307 us
1962 2244 2134 2308 beati
2162 2242 2505 2328 Augustini
2532 2244 2831 2307 Ticinum

789 2331 1080 2411 advexit3
1113 2351 1238 2415 quo
1261 2330 1452 2393 etiam
1471 2338 1758 2413 tempore
1838 2349 1912 2391 eo
1932 2328 2276 2412 imperator
2294 2329 2516 2412 igonas
2535 2339 2557 2369 ⁸
2581 2328 2831 2391 deiecit.

374 2432 392 2451 ⁹
405 2446 451 2484 p.
484 2435 583 2475 164.
603 2418 628 2447 ¹*
641 2415 745 2478 49.
792 2414 967 2494 Quas
985 2417 1005 2455 ²
1063 2415 1348 2477 civitates
1399 2413 1834 2476 Romanorum
1874 2411 2230 2496 Liutprand
2284 2434 2401 2475 rex
2456 2412 2711 2494 invasit,
2766 2421 2832 2476 et

790 2497 896 2647 Ele
912 2499 994 2644 “fi
1011 2496 1427 2561 deterioribus
1468 2497 1655 2560 factis
1696 2495 1928 2560 Leonis
1972 2495 2243 2580 augusti.

647 2582 748 2648 50.
860 2604 894 2645 e
997 2579 1294 2644 omualdv
1334 2580 1785 2644 Beneventano
1829 2579 1990 2642 duce
2035 2589 2099 2642 et
2140 2577 2407 2659 Gisulfo,
2448 2576 2579 2641 filio
2625 2579 2788 2642 eiuS.

648 2667 749 2729 51.
790 2666 894 2730 De
935 2664 1281 2728 inimicitiis
1321 2663 1687 2727 Pemmonis
1748 2672 1965 2726 contra
2010 2662 2334 2727 Calixtum
2375 2662 2833 2747 patriarcham.

649 2748 750 2813 52.
794 2746 1042 2812 Bellum
1083 2747 1342 2811 Ratchis
1386 2757 1606 2811 contra
1651 2745 1931 2811 Sclavos.

649 2831 750 2896 53.
793 2830 1128 2911 Quomodo
1169 2853 1287 2894 rex
1326 2830 1682 2915 Liutprand
1721 2831 1951 2915 Pipino
1966 2843 2028 2911 W,
2087 2828 2301 2894 Caroli
2341 2831 2510 2915 regis
2552 2827 2758 2893 filium
2778 2843 2831 2913 ¹,

797 2912 1094 2999 capillum
1112 2926 1144 2967 Y
1185 2914 1409 2997 tetigit.

651 2998 752 3061 54.
799 2997 1125 3062 Sarraceni
1139 3008 1162 3038 ²
1192 3008 1483 3060 rursuma
1514 2996 1755 3060 Gallias
1782 3006 2137 3083 repetentes
2164 3019 2203 3060 a
2231 2997 2496 3061 Francis
2525 3020 2837 3084 superan-

796 3090 917 3163 tur,
948 3082 1044 3144 etb
1077 3080 1392 3165 quomodo
1420 3080 1776 3166 Liutprand
1803 3082 1871 3144 in
1907 3079 2212 3145 solacium
2227 3093 2251 3122 0
2272 3081 2665 3145 Francorum
2694 3081 2834 3145 ivit.

651 3163 752 3228 55.
795 3163 899 3228 De
940 3163 1419 3227 Transamundo
1487 3164 1652 3237 duce
1710 3164 2035 3250 Spoletino
2088 3173 2151 3229 et
2205 3163 2452 3229 Gisulfo
2504 3165 2838 3229 Beneven-

796 3257 944 3312 tano
965 3248 994 3290 ‘¹
1063 3257 1125 3312 et
1183 3246 1492 3333 Gregorio
1560 3257 1623 3312 et
1671 3270 1871 3333 regno
1913 3247 2258 3334 Hilprandi
2275 3260 2320 3311 θ.

610 3372 654 3425 a)
686 3375 750 3414 ita
779 3373 822 3413 A
853 3376 896 3414 1.
927 3375 966 3414 B
1000 3377 1038 3414 1.
1074 3375 1167 3416 01.
1198 3375 1300 3414 Dl.
1331 3375 1427 3415 1¹4.
1461 3374 1559 3415 Gl.
1592 3376 1634 3415 2.
1724 3372 1774 3426 b)
1807 3376 1995 3415 ducatus
2028 3374 2069 3415 G
2100 3376 2138 3415 1.
2161 3375 2615 3416 —et—Romualdi
2647 3376 2736 3416 des.
2766 3377 2839 3417 Η.

613 3432 654 3483 c)
686 3434 829 3483 petris
859 3432 902 3472 A
934 3435 981 3482 13
1012 3435 1122 3473 deest
1153 3433 1208 3474 G.
1342 3432 1388 3485 d)
1423 3434 1579 3474 Oasin.
1614 3432 1655 3473 G
1688 3435 1727 3485 1,
1759 3434 1860 3483 alii3
1906 3434 1960 3483 qs.
1987 3445 2036 3483 Ρ.
2072 3435 2152 3472 211
2185 3445 2231 3473 π.
2267 3445 2310 3474 e.
2465 3433 2509 3485 e)
2543 3439 2590 3476 et
2619 3435 2661 3476 d.
2694 3445 2758 3476 m.
2793 3446 2835 3475 s.

611 3495 667 3535 V.
699 3493 784 3533 des.
830 3494 872 3532 D
903 3493 946 3534 4.
989 3494 1027 3532 Ε
1062 3496 1101 3533 1.
1135 3494 1201 3543 Η;
1248 3494 1295 3532 et
1324 3493 1433 3532 deest
1481 3493 1523 3534 G
1557 3494 1596 3536 1.
1627 3494 1668 3534 2.
1703 3515 1755 3523 —
1787 3493 1842 3532 In
1886 3492 1929 3532 A
1960 3494 1985 3532 6
2027 3493 2195 3542 reliqua
2226 3504 2321 3542 ary.
2350 3498 2525 3542 praeter
2555 3493 2628 3533 45.
2661 3494 2835 3533 daune.

612 3548 650 3601 f)
684 3551 784 3598 Quo
813 3563 927 3594 corr.
975 3551 1106 3599 Quod
1138 3551 1179 3592 G
1210 3553 1250 3590 1.
1285 3552 1325 3591 2.
1474 3550 1521 3602 g)
1554 3552 1664 3590 deest
1693 3552 1732 3591 B
1766 3553 1809 3594 1.
1956 3549 2006 3603 h)
2036 3552 2370 3599 Raginfredum
2399 3553 2438 3592 B
2474 3555 2515 3604 1,
2559 3552 2658 3601 αῑίὶς
2688 3552 2836 3592 Bain-

611 3610 780 3648 fridum
809 3611 851 3649 D
885 3612 926 3650 2.
1059 3609 1093 3662 i)
1124 3611 1390 3650 Leutbrand
1422 3610 1456 3651 G
1490 3612 1543 3660 13
1583 3611 1692 3649 decet
1721 3611 1760 3650 B
1796 3613 1836 3651 1.
1872 3631 1923 3640 —
1968 3621 2048 3651 rex
2080 3611 2189 3649 deest
2219 3613 2260 3650 A
2292 3611 2333 3650 3.
2468 3610 2519 3663 k)
2550 3612 2663 3650 deest
2692 3611 2746 3651 C.
2775 3612 2839 3654 D.

611 3665 646 3717 1)
677 3671 723 3707 et
755 3687 806 3696 —
838 3671 1016 3719 accepit
1043 3670 1129 3710 des.
1162 3670 1220 3709 H.
1340 3667 1402 3720 m)
1434 3669 1604 3709 Foraal
1635 3668 1693 3721 (ἲ)
1727 3669 1761 3710 G
1794 3666 1856 3710 *1.
1976 3668 2025 3721 n)
2058 3669 2296 3717 Quomodo
2327 3670 2363 3710 0
2396 3672 2437 3711 1.
2470 3671 2512 3710 D
2531 3671 2583 3721 23
2614 3670 2839 3711 defuncto

613 3727 722 3764 deest
752 3725 794 3764 D
830 3728 898 3766 la.
932 3729 972 3769 2.
1005 3725 1106 3777 '8a3
1137 3732 1314 3767 mortuo
1345 3728 1516 3768 Severo
1546 3728 1647 3767 Da.
1769 3726 1815 3780 0)
1851 3728 2050 3769 Galistus
2084 3728 2125 3768 G
2153 3730 2193 3769 1.
2226 3730 2267 3780 2,
2299 3729 2391 3769 atii.
2510 3728 2559 3779 p)
2592 3730 2703 3768 ame
2737 3729 2836 3770 01.

616 3780 662 3834 q)
695 3784 856 3824 Heudo
889 3784 930 3825 G
962 3787 1011 3834 13
1040 3787 1228 3826 Theudo
1262 3786 1303 3827 G
1333 3788 1373 3827 2.
1493 3784 1535 3838 1)
1565 3787 1700 3835 Vulg.
1737 3787 1778 3828 G
1812 3790 1851 3827 1.
1886 3790 1925 3829 2.
1970 3810 2022 3818 -
2053 3788 2177 3826 ducti
2205 3786 2248 3826 A
2283 3789 2322 3828 1.
2443 3785 2483 3839 s)
2515 3790 2675 3827 iconas
2706 3789 2752 3827 A
2784 3789 2840 3838 ὃς

615 3851 786 3893 yconas
815 3843 857 3882 D
891 3845 959 3884 la.
994 3846 1034 3883 2.
1067 3842 1158 3885 ’38.
1305 3844 1342 3896 t)
1376 3845 1614 3892 Quomodo
1661 3845 1695 3886 G
1728 3847 1769 3890 1.
1799 3847 1864 3896 H3
1913 3846 1949 3886 0
1981 3847 2021 3886 3.
2053 3848 2083 3885 4
2123 3847 2214 3885 ita:
2262 3846 2501 3893 Quomodo
2545 3847 2596 3888 L.
2628 3857 2716 3886 rex
2747 3847 2841 3886 Ra-

616 3911 814 3941 vennam
846 3902 1023 3942 obsedit
1037 3907 1084 3942 et
1113 3903 1317 3943 Classem
1349 3904 1586 3955 destruxit,
1618 3905 1735 3945 etde
1765 3905 2045 3954 imaginibus
2077 3915 2191 3954 quas
2206 3905 2301 3945 Leo
2332 3906 2583 3955 imperator
2612 3906 2843 3960 incendit,

617 3963 663 3999 et
690 3971 844 3999 rursus
874 3961 934 4001 de
964 3962 1235 4009 quibusdam
1265 3963 1526 4002 civitatibus
1554 3964 1865 4004 Romanorum
1897 3975 2010 4013 quas
2051 3964 2103 4003 L.
2134 3974 2218 4003 rex
2245 3965 2432 4015 invasit,
2465 3967 2511 4005 et
2541 3965 2597 4004 de
2637 3965 2729 4008 det.
2761 3969 2843 4007 eto.

616 4017 664 4070 u)
697 4019 806 4058 deest
834 4019 877 4059 A
909 4020 947 4063 1.
977 4019 1021 4059 3.
1052 4021 1091 4060 B
1126 4022 1165 4062 1.
1197 4019 1231 4060 G
1265 4022 1303 4062 1.
1334 4022 1376 4060 D
1411 4023 1449 4062 1.
1483 4023 1524 4062 2.
1560 4023 1601 4064 G
1633 4024 1674 4063 1.
1709 4024 1750 4075 2,
1782 4023 1885 4073 alii3
1917 4027 1963 4062 et
1995 4045 2047 4053 —
2079 4024 2262 4070 augusti
2292 4024 2377 4064 des.
2408 4025 2467 4063 Η.
2588 4020 2636 4075 v)
2667 4024 2842 4064 Romo·

616 4078 694 4117 ald
723 4077 766 4117 A
796 4079 846 4127 13
875 4079 1104 4118 Bumuald
1135 4079 1176 4119 G
1207 4082 1256 4135 1;
1285 4080 1528 4120 Rumwald
1561 4080 1602 4120 G
1633 4084 1673 4124 2.
1792 4081 1852 4133 w)
1884 4082 2062 4132 Pepino
2093 4081 2204 4131 A13
2236 4081 2438 4131 Pippino
2467 4083 2506 4122 B
2527 4084 2568 4124 1.
2688 4080 2740 4134 x)
2773 4084 2843 4122 ita

617 4135 659 4174 A
691 4137 730 4178 1.
760 4137 799 4176 Β
833 4139 873 4178 1.
905 4138 947 4177 D
979 4139 1002 4176 1
1037 4138 1167 4191 (corr.
1199 4136 1328 4190 filio).
1358 4141 1396 4179 Ε
1430 4141 1470 4178 1.
1502 4140 1540 4177 F
1571 4140 1615 4181 4.
1649 4140 1691 4181 G
1724 4143 1763 4180 1.
1798 4142 1822 4180 2
1856 4141 1988 4194 (corr.
2019 4138 2165 4190 filio);
2197 4140 2435 4182 filioceteri.
2555 4140 2606 4195 y)
2638 4141 2842 4192 capillos

620 4193 675 4235 G.
713 4217 765 4226 —-
793 4197 990 4236 totondit
1034 4197 1083 4237 C.
1129 4198 1190 4236 D.
1240 4197 1281 4238 G
1311 4196 1381 4238 58.
1424 4198 1482 4239 Η.
1528 4199 1553 4239 1
1586 4200 1625 4238 1.
1654 4199 1692 4238 L
1725 4201 1764 4240 1.
1914 4198 1956 4250 z)
1991 4199 2122 4246 Quod
2154 4199 2202 4240 S.
2234 4201 2276 4239 D
2310 4200 2355 4242 3.
2503 4202 2551 4253 a)
2583 4210 2744 4240 rursus
2778 4199 2838 4240 G.

616 4250 664 4303 b)
696 4256 742 4292 et
773 4275 824 4284 —
855 4256 940 4294 ivit
966 4256 1050 4300 des.
1081 4256 1115 4296 C
1148 4257 1188 4295 3.
1218 4258 1276 4296 Η.
1410 4254 1451 4308 c)
1484 4258 1647 4297 solatio
1681 4257 1722 4298 G
1753 4260 1795 4297 1.
1827 4260 1866 4298 2.
2002 4256 2049 4309 d)
2081 4259 2249 4308 reliqua
2278 4259 2364 4302 des,
2397 4258 2432 4299 G
2465 4262 2505 4298 1.
2539 4280 2592 4289 —-
2626 4263 2674 4300 et
2703 4269 2744 4301 r.
2777 4260 2842 4299 H.

616 4311 700 4351 des.
733 4312 789 4352 H.
905 4311 949 4363 e)
979 4314 1244 4364 Ildeprandi
1272 4316 1309 4354 B
1343 4317 1388 4365 13
1419 4317 1725 4357 Hildebrandi
1754 4317 1796 4355 D
1831 4319 1870 4358 2.
1907 4317 1949 4358 G
1977 4319 2027 4366 13
2056 4317 2366 4368 Hildeprandi
2396 4319 2438 4358 D
2473 4321 2544 4359 la.
2574 4314 2666 4358 '3a.
