3042 4909
988 1317 1728 1416 *APPENDIX

469 1523 523 1580 1.
606 1482 943 1578 CATALb
951 1523 1118 1579 (4118
1160 1524 1838 1581 PROVINCIARUM
1880 1525 2255 1583 ITALIAE.

412 1633 494 1696 In
540 1633 754 1697 codice
799 1633 1209 1699 bibliothecae
1252 1636 1476 1721 reqiae
1511 1636 1918 1700 Matritensis
1947 1635 2027 1702 A.
2064 1636 2163 1716 16,
2205 1658 2371 1700 saec.
2406 1636 2484 1718 X,

242 1719 415 1781 inter
456 1718 655 1781 varia
688 1739 891 1864 {pera
921 1718 1426 1818 chronologica&
1447 1719 1897 1819 qeoqojaplzica
1943 1716 2205 1820 aliaque
2250 1719 2483 1819 (lflrch.

262 1800 450 1900 VZIL
483 1823 560 1885 p.
608 1800 687 1863 76
775 1804 904 1885 sq.)
930 1800 1000 1885 f.
1048 1801 1186 1865 190.
1248 1801 1457 1866 brevis
1513 1801 1757 1902 leqztur
1811 1801 2047 1867 Italiae
2105 1802 2451 1887 descriptio
2464 1851 2484 1884 ,

244 1906 435 2031 aa
475 1882 829 2031 :mi
854 1906 1170 2032 Hem
1212 1870 1806 2055 affatim
1864 1886 2485 1970 Κ]

242 2052 353 2115 sed
401 2053 551 2137 jam
593 2051 966 2115 Betbmann
1023 2052 1221 2131 vidit,
1294 2052 1503 2116 Paulo
1561 2054 1967 2116 vetustiorem
2020 2075 2162 2116 eam
2199 2074 2357 2133 esse,
2403 2055 2482 2116 ab

243 2133 354 2199 illo
399 2136 815 2218 eoescriptam,
860 2133 1206 2199 laudatam
1237 2134 1362 2218 (II,
1394 2135 1478 2198 20
1477 2139 1512 2215 )
1543 2143 1602 2200 et
1632 2134 2083 2200 additionibus
2113 2157 2193 2198 eos
2222 2135 2481 2199 Isidoro

233 2215 617 2303 plerumque
662 2218 917 2281 haustis
975 2226 1252 2283 auctam.
1340 2219 1642 2283 Attamen
1686 2218 2280 2302 Lanqobardoru‘m
2336 2227 2481 2282 tem-

231 2303 894 2450 {ore’lmfflmgerfg
952 2302 1267 2449 βοῗίθπῧί
1302 2301 1603 2449 2Jf'undlato
1665 2300 1824 2401 (613
1824 2305 1908 2449 {a
1961 2324 2094 2449 olom
2147 2303 2313 2448 οῗια
2355 2311 2477 2450 5εὲζί

242 2492 273 2532 s
298 2407 844 2550 qjczgthmannzbz
871 2407 1047 2533 ΐὲεἶεη
1065 2407 1205 2532 eodm
1240 2408 1427 2532 cliele-‘bs
1451 2470 1502 2531 it
1521 2391 1984 2554 zffiqlla'lfcoqdc.
2028 2431 2258 2532 ‘Bruale
2284 2430 2482 2533 lensis

240 2492 367 2616 lgr.
396 2551 873 2635 3897—3918),
931 2551 1267 2617 nonnullis
1313 2491 1562 2618 adcplitis
1604 2552 1702 2616 vel
1742 2554 2030 2633 mutatis,
2091 2575 2258 2638 quae
2303 2574 2480 2616 nunc

241 2636 334 2700 ad
375 2659 615 2700 manus
659 2657 790 2701 non
816 2634 1123 2721 fuerunt.
2138 2633 2216 2702 G.
2261 2635 2354 2700 W.
2467 2726 2470 2733 ι

762 2791 962 2856 Item
1006 2789 1097 2854 de
1140 2791 1601 2876 provinciis
1644 2789 1954 2857 Italiae.

403 2911 622 2976 Prima
672 2910 1004 2995 provincia
1060 2910 1352 2976 Venetia.
1457 2910 1665 2978 Sunt⁸¹
1720 2911 1911 2975 huius
1954 2911 2261 2977 Venetiae
2314 2911 2479 2977 infra

236 2994 561 3061 Veronam
605 3002 669 3058 et
707 2993 1115 3058 Vincentiam
1131 2994 1159 3035 b
1203 2994 1540 3060 Patavium
1587 3017 1667 3060 ue
1698 3004 1762 3060 et
1787 2994 2122 3059 Mantuam
2166 2995 2476 3077 civitateS,

237 3100 352 3143 seu
397 3089 459 3144 et
500 3077 677 3141 alias.
765 3075 896 3142 Sed
937 3077 1102 3142 inter
1146 3098 1363 3143 omnes
1393 3078 1547 3166 Aqu
1596 3080 1694 3144 eia
1739 3078 1965 3143 civitas
2010 3079 2219 3144 extitit
2262 3088 2474 3167 caput,

284 3183 355 3225 ro
388 3183 513 3248 qua
541 3160 731 3224 modo
760 3182 932 3225 nunc
962 3160 1246 3226 Foroiuli
1273 3162 1363 3227 ita
1405 3161 1649 3227 dictum
1690 3170 1804 3242 est,
1849 3161 2021 3248 quod
2048 3161 2247 3226 Iulius
2278 3161 2478 3227 Cesar

263 3267 448 3310 orum
475 3243 924 3329 negotiationis
967 3243 1060 3308 ibi
1102 3254 1425 3309 statuerat.

407 3328 706 3394 Secunda
769 3327 1099 3412 provincia
1151 3327 1447 3412 Liguria3
1521 3328 1590 3390 in
1658 3348 1785 3413 qua
1842 3336 1938 3392 est
2006 3325 2472 3410 Mediolanum,

232 3412 566 3493 Ticinum,
625 3433 787 3497 quae
843 3409 967 3474 alio
1017 3410 1273 3474 nomine
1315 3411 1409 3474 Pa
1457 3411 1519 3475 ia
1568 3432 1649 3495 ap
1701 3408 1941 3475 ellatur.
2034 3409 2217 3475 Haec
2269 3432 2475 3496 usque

232 3494 319 3560 ad
348 3494 918 3580 Langobardorum
964 3493 1121 3558 fines
1164 3502 1389 3579 proten
1435 3493 1583 3557 itur.
1702 3501 1844 3557 nter
1898 3492 2063 3556 hanc
2109 3502 2171 3557 et
2212 3492 2472 3558 Alama-

231 3600 463 3643 norum
521 3579 796 3662 patriam
853 3576 977 3641 due
1076 3577 1357 3641 revincie
1401 3586 1567 3659 sunt,
1625 3576 1694 3640 id
1737 3586 1834 3641 est
1874 3576 2105 3661 Reptia
2157 3577 2366 3662 prima
2410 3587 2474 3642 et

229 3662 328 3727 Re
378 3661 467 3726 tia
499 3660 798 3743 secunda,
828 3661 992 3726 inter
1081 3658 1218 3747 lpes
1263 3662 1642 3742 consistunt3
1685 3660 1754 3722 in
1783 3659 2015 3745 quibus
2045 3661 2300 3745 proprie
2330 3660 2474 3725 Reti

228 3685 525 3810 ballitare
567 3755 934 3810 noscuntur.

406 3827 625 3893 Tertia
666 3828 1000 3914 provincia
1027 3825 1226 3913 Alpes
1258 3825 1481 3893 Cotiae
1526 3826 1842 3891 dicuntur.
1927 3825 2114 3889 Hanc
2142 3847 2181 3889 a
2207 3825 2475 3911 Liguria

229 3912 301 3974 in
345 3933 568 3976 eorum
609 3933 830 3976 versus
875 3933 949 3974 us
999 3933 1079 3975 ue
1124 3910 1207 3974 ad
1248 3933 1423 3975 mare
1465 3910 1824 3995 Tyrrenum
1869 3907 2232 3973 extenditur
2287 3919 2350 3973 et
2390 3910 2473 3974 ab

229 3994 502 4059 occiduo
562 3995 796 4060 finibus
863 3993 964 4058 Ga
1013 4015 1195 4058 orum
1260 4003 1659 4080 conputatur.
1755 3993 1834 4056 In
1886 3992 2006 4056 hac
2060 3990 2301 4078 Aquis,
2359 3992 2473 4056 ubi

226 4100 441 4177 aquae
487 4076 728 4144 calidae
774 4086 948 4159 sunt,
996 4088 1057 4143 et
1101 4077 1388 4142 civitates
1426 4077 1715 4142 Dertona
1758 4085 1822 4139 et
1863 4076 2320 4140 monasterium
2351 4074 2472 4138 Bo-

226 4184 433 4244 vlum,
479 4160 711 4227 Genua
753 4170 817 4226 et
861 4162 1074 4228 Saona
1114 4159 1446 4226 habentur.

407 4247 653 4326 Quarta
707 4246 1038 4330 provincia
1093 4244 1328 4309 Tuscia
1371 4254 1483 4313 est.
1587 4242 1764 4307 Haec
1807 4241 1999 4307 habet
2038 4242 2204 4307 intra
2247 4263 2313 4305 se
2356 4242 2472 4304 cir-

226 4404 277 4458 ιι)
315 4407 372 4457 83
403 4408 494 4451 cod.
614 4404 663 4458 b)
695 4416 801 4449 unc.
831 4417 867 4450 o.

1893 4490 1959 4539 16
1984 4487 2007 4513 ¹⁸¹

2506 1348 2580 1404 ⁸p.
2616 1352 2717 1397 18⁸.
