3042 4909
570 435 792 487 PAULI
831 433 1179 487 HISTORIA
1217 433 1891 487 LANGOBARDORUM.
1968 434 2111 484 LIB.
2150 435 2245 485 IV.
2435 434 2537 484 149

299 599 715 666 excellentiae
789 610 1040 666 vestrae
1084 599 1489 683 referimus,
1572 601 1725 687 quia
1798 601 2182 686 peticionem
2257 610 2540 665 nostram

299 684 649 767 audientes,
752 705 951 767 acem,
1061 694 1225 748 uae²
1279 685 1439 749 utris
1486 706 1569 749 ue
1626 694 1794 749 esset
1848 684 2139 771 partibus
2187 684 2540 770 profutura,

300 769 465 833 sicut
508 768 587 833 de
628 789 712 832 vo
760 769 815 832 is
851 768 1020 833 confi
1067 768 1347 833 entiamb
1391 768 1475 832 ha
1523 769 1756 849 uimus,
1804 767 2141 833 ordinastis
2157 780 2201 831 ⁰.
2261 767 2368 832 Ex
2414 790 2541 854 qua

299 875 369 916 re
414 851 826 918 excellentiae
870 860 1117 916 vestrae
1194 850 1554 916 rudentiam
1575 853 1603 894 ‘¹
1648 861 1712 916 et
1752 852 2132 917 bonitateme
2174 849 2363 917 valde
2408 850 2540 915 lau·

298 935 557 1018 damus,
624 935 778 1021 quia
840 954 1065 1020 pacem
1179 936 1192 950 '
1224 934 1484 1020 ‘gend0,
1549 935 1767 1000 Deum
1788 934 1810 978 f
1889 957 2033 1017 vos,
2100 937 2213 1033 qui
2280 944 2542 1000 auctor&

298 1020 322 1082 i
369 1021 501 1084 sius
532 1027 646 1100 est,
689 1040 924 1101 amare,
968 1019 1353 1083 monstratis.
1425 1019 1593 1082 Nam
1622 1020 1695 1101 si,
1741 1019 1945 1105 quodb
1989 1017 2175 1101 absit,
2216 1019 2384 1083 facta
2410 1039 2540 1082 non

326 1104 541 1185 uisset,
598 1101 786 1188 quidi
852 1104 962 1187 agi
1016 1100 1260 1184 habuit,
1319 1103 1440 1166 nisi
1482 1112 1556 1166 ut
1613 1124 1761 1167 cum
1809 1113 2074 1189 peccato
2134 1112 2197 1168 et
2252 1100 2537 1188 periculo

297 1187 581 1273 partium
607 1186 984 1251 miserorum
1012 1187 1398 1251 rusticorum
1431 1187 1710 1271 sanguis,
1742 1208 2016 1271 quorum
2045 1183 2227 1250 labor
2252 1187 2541 1272 utrisque

295 1268 573 1355 proficit,
618 1268 1031 1335 funderetur?
1117 1268 1248 1334 Sed
1289 1278 1363 1333 ut
1387 1268 1753 1355 prodesset¹¹
1784 1269 1968 1334 nobis
1998 1271 2265 1334 eandem
2295 1291 2542 1355 pacem,

301 1353 838 1439 quemadmodum
872 1375 912 1417 a
941 1352 1125 1418 vobis
1163 1352 1334 1418 facta
1371 1364 1485 1434 est,
1533 1354 1897 1435 sentiamUS,
1940 1362 2207 1439 paterna
2250 1353 2538 1418 caritate¹

297 1435 643 1503 salutantes
692 1437 991 1522 petimus,
1035 1445 1123 1519 ut,
1171 1437 1462 1523 quotiens
1503 1438 1758 1502 occasio
1801 1449 1914 1501 se¹¹¹
1960 1437 2221 1518 dederit,
2266 1434 2540 1500 ducibus

296 1521 522 1584 vestris
565 1542 681 1606 per
722 1519 978 1585 diversa
1018 1517 1162 1585 loca
1204 1529 1268 1584 et
1295 1521 1579 1585 maxime
1622 1521 1688 1583 in
1730 1518 1828 1584 his
1858 1519 2149 1606 partibus
2180 1520 2538 1584 constitutis

296 1608 527 1669 vestris
570 1604 978 1689 praecipiatis
1009 1602 1313 1689 epistolis,
1359 1612 1431 1667 ut
1470 1602 1635 1667 hanc
1665 1624 1910 1690 pacem,
1959 1604 2127 1668 sicut
2153 1604 2542 1689 promissum

294 1698 409 1769 est,
454 1699 659 1773 pure¹¹
703 1687 1092 1764 custodiant,
1140 1697 1205 1752 et
1259 1688 1628 1752 occasiones
1674 1687 1803 1751 sibi
1860 1687 2108 1774 aliquas
2166 1709 2296 1751 non
2350 1709 2540 1773 quae·

296 1780 455 1854 rant,
517 1771 686 1836 unde
744 1780 858 1835 aut
901 1771 1221 1836 contentio
1284 1770 1599 1857 quaedam
1644 1780 1757 1834 aut
1799 1771 1865 1834 in
1946 1771 2192 1836 atitudo
2221 1781 2541 1852 nascatur,

298 1864 611 1941 quatenus
653 1851 966 1920 voluntati
1004 1864 1251 1920 vestrae
1293 1875 1485 1941 agere
1529 1855 1768 1939 gratias
1793 1878 1837 1919 v
1903 1876 2042 1920 eam
2050 1877 2144 1918 us.
2228 1854 2492 1919 Latores
2512 1865 2541 1897 ⁰

295 1959 448 2003 vero
505 1938 934 2023 praesentium
995 1936 1379 2019 litterarum,
1439 1938 1608 2003 sicut
1656 1959 1880 2003 revera
1935 1938 2222 2003 homines
2274 1947 2543 2019 vestros,

295 2021 362 2085 in
423 2042 498 2086 eo
555 2022 767 2109 quodv
826 2020 1051 2087 debuit
1102 2021 1380 2086 affectuv
1425 2043 1612 2086 susce
1659 2022 1859 2103 imuS,
1919 2023 2070 2107 quia
2111 2023 2356 2086 iustum
2397 2021 2539 2103 fuit,

296 2113 370 2170 ut
409 2105 621 2170 virosq
667 2105 982 2191 sapientes
1027 2113 1091 2170 et
1134 2104 1280 2191 quir
1323 2125 1550 2189 pacem
1621 2115 1830 2170 actam
1872 2104 2018 2170 Deo
2105 2105 2339 2190 ropitio
2382 2126 2539 2168 nun-

292 2188 533 2253 tiarunt
588 2210 733 2253 cum
773 2189 1038 2254 caritate
1055 2199 1077 2231 ⁸
1125 2198 1188 2253 et
1229 2188 1557 2273 suscipere
1600 2198 1664 2254 et
1705 2187 2021 2266 dimittere
2106 2188 2476 2253 eberemus’.

465 2273 562 2337 10.
667 2272 843 2337 Inter
895 2271 1053 2337 haec
1097 2272 1389 2357 sequenti
1441 2293 1661 2336 mense
1701 2270 2003 2336 Ianuario
2062 2272 2306 2356 paruit‘
2360 2271 2539 2337 stella
2557 2260 2682 2361 ἑῇ),

297 2356 602 2421 cometis¹¹
647 2377 835 2421 mane
894 2364 958 2420 et
995 2377 1263 2440 vespere
1304 2376 1421 2439 per
1463 2364 1665 2420 totum
1729 2375 2034 2418 mensem.
2119 2353 2219 2418 Eo
2279 2376 2537 2442 quoque

295 2461 515 2505 mense
606 2439 941 2506 defunctus
1030 2448 1127 2503 est
1187 2437 1505 2503 Iohannes
1582 2437 2102 2523 archiepiscopus
2172 2439 2537 2505 Ravennae.

297 2521 500 2588 Cuius
542 2523 612 2587 in
665 2522 880 2589 locum
923 2522 1294 2587 MarianusV
1353 2522 1570 2585 civisW
1613 2521 1940 2587 Romanus
1986 2521 2371 2587 substitutus
2416 2532 2535 2587 est.

293 2702 340 2756 a)
375 2714 515 2754 quam
546 2715 590 2746 u.
626 2713 726 2744 esse
758 2715 802 2753 p.
852 2703 1080 2743 credimus
1110 2703 1399 2753 profuturam
1434 2700 1482 2742 C.
1513 2702 1573 2743 D.
1710 2699 1759 2753 b)
1793 2701 2071 2742 confidentia
2100 2702 2137 2741 F
2170 2704 2211 2741 1.
2346 2700 2389 2754 c)
2423 2704 2540 2743 ordi—

293 2764 418 2804 nasti
447 2763 489 2803 A
523 2763 570 2812 23
604 2763 827 2804 ordinatis
859 2762 902 2801 D
934 2762 976 2802 2.
1012 2760 1053 2802 G
1086 2763 1125 2804 1.
1278 2759 1324 2812 d)
1358 2761 1608 2811 prudentia
1656 2763 1693 2801 F
1728 2763 1768 2801 1.
1804 2760 1843 2800 G
1876 2761 1918 2801 8.
2071 2759 2115 2812 e)
2149 2761 2393 2802 veritatem
2425 2762 2462 2801 F
2497 2764 2539 2801 1.

291 2822 332 2874 f)
364 2823 475 2862 deest
522 2825 564 2867 G-
595 2823 638 2862 2.
672 2821 800 2864 5a.c.
950 2817 997 2872 g)
1032 2823 1241 2861 auctores
1286 2821 1320 2860 i.
1368 2821 1478 2860 estis
1528 2819 1582 2863 G.
1733 2817 1780 2870 h)
1810 2823 1862 2860 ut
1906 2820 1943 2858 F
1977 2821 2018 2859 1.
2185 2817 2220 2870 i)
2254 2819 2376 2869 quod
2420 2819 2462 2859 A
2496 2821 2539 2861 2.

294 2878 347 2932 k)
377 2881 442 2920 ita
466 2891 554 2929 pro
598 2880 817 2929 prodesse
862 2877 903 2917 A
937 2880 978 2919 1.
1010 2874 1075 2919 ‘2.
1112 2880 1150 2920 2.
1186 2878 1229 2920 8.
1262 2879 1305 2919 4.
1337 2879 1376 2918 Β
1411 2881 1480 2920 la.
1516 2879 1559 2919 2.
1594 2878 1629 2920 C
1663 2881 1704 2920 1.
1736 2878 1779 2917 D
1814 2879 1855 2918 1.
1887 2878 1924 2919 Γ
1955 2880 1996 2918 1.
2032 2878 2071 2917 G
2105 2879 2230 2918 1-4.
2263 2878 2392 2921 διο.
2423 2879 2468 2919 Η
2502 2883 2542 2919 1.

297 2940 322 2980 1
355 2943 397 2992 1,
431 2939 547 2989 quod
567 2940 674 2988 quin
704 2939 753 2977 in
800 2938 1029 2987 archetypo
1065 2937 1230 2989 suerit,
1276 2938 1469 2978 dubitari
1497 2939 1676 2988 aequin
1725 2941 1965 2988 propesset
1993 2936 2031 2976 F
2062 2938 2116 2986 43
2149 2938 2366 2987 prodesse
2396 2939 2537 2982 ceteri,

294 2996 331 3050 1)
360 3009 442 3039 vos
467 3002 570 3047 poet
599 2998 700 3039 add.
733 2995 774 3037 G
807 2999 847 3037 1.
984 2993 1048 3047 m)
1082 2997 1326 3037 occasione
1371 2997 1416 3036 d.
1447 2995 1489 3036 A
1525 2997 1563 3036 2.
1714 2994 1763 3048 n)
1796 3007 1908 3047 pore
1939 3004 2051 3036 corr.
2099 3006 2389 3046 summopere
2419 2997 2456 3035 F
2491 2998 2539 3046 13

295 3068 416 3108 pure
449 3067 563 3097 corr.
610 3064 904 3105 summopere
938 3053 979 3094 G
1012 3057 1052 3094 1.
1192 3054 1238 3107 ο)
1271 3055 1367 3095 lata
1396 3054 1437 3094 A
1470 3052 1532 3095 ·2.
1567 3055 1610 3094 2.
1647 3055 1688 3094 8.
1717 3055 1746 3094 4
1796 3056 1864 3105 (de
1893 3055 1934 3095 A
1971 3059 1991 3095 1
2039 3065 2132 3094 non
2176 3052 2377 3106 constat).
2424 3055 2461 3095 F
2497 3058 2539 3095 1.

299 3114 340 3157 G
373 3118 397 3156 1
433 3114 566 3168 (corr.
596 3111 765 3166 lects);
812 3114 934 3155 lecta
964 3112 1005 3152 A
1034 3112 1076 3153 δ.
1111 3115 1162 3163 6;
1209 3114 1306 3153 leta
1338 3112 1379 3154 G
1411 3114 1452 3152 8.
1485 3115 1540 3163 4;
1586 3114 1666 3154 leti
1697 3114 1734 3153 F
1767 3111 1837 3163 ⁸23
1882 3115 2077 3154 latorem
2127 3113 2166 3153 G
2198 3116 2277 3163 503
2319 3114 2537 3154 allatores

298 3174 333 3216 C
368 3176 407 3217 1.
442 3175 465 3215 Ι
498 3176 547 3223 13
579 3174 810 3214 ablatores
843 3171 878 3212 C
911 3172 962 3220 23
992 3175 1123 3211 tanta
1150 3174 1189 3213 B
1224 3173 1264 3214 2.
1297 3171 1347 3222 33
1377 3172 1549 3213 latores
1580 3173 1638 3211 D.
1671 3173 1747 3212 ΡΙ
1783 3184 1804 3211 e
1834 3183 1948 3212 corr.
1985 3171 2026 3213 G
2058 3174 2083 3212 2
2115 3181 2136 3211 e
2166 3183 2280 3213 corr.
2316 3174 2385 3213 ba.
2418 3173 2463 3212 Η
2497 3175 2538 3215 1.

296 3234 321 3274 1
353 3235 395 3285 2,
426 3234 543 3283 quod
570 3232 819 3284 recepimus,
850 3230 1045 3280 quamvis
1072 3235 1346 3270 correcturae
1376 3231 1518 3270 deberi
1546 3232 1759 3271 videatur.
1880 3230 1931 3281 p)
1963 3240 2053 3280 quo
2085 3230 2126 3270 A
2154 3231 2194 3270 2.
2227 3231 2270 3271 D
2305 3231 2346 3272 2.
2381 3231 2421 3270 8.
2453 3231 2476 3271 1
2497 3235 2536 3272 1.

300 3313 347 3323 -
386 3292 541 3332 decuIt
570 3291 605 3333 C
638 3291 681 3332 8.
714 3290 789 3332 eb.
825 3288 866 3330 G
899 3288 970 3329 5⁸.
989 3299 1028 3330 c.
1059 3289 1082 3328 1
1117 3291 1170 3339 13
1202 3289 1444 3329 debuimus
1474 3289 1498 3329 1
1531 3290 1573 3329 2.
1608 3310 1660 3319 -
1693 3288 1907 3333 affectum
1937 3289 1975 3328 F
2010 3292 2057 3337 ις
2089 3288 2301 3330 effectum
2335 3288 2376 3329 G
2409 3291 2450 3329 1.
2485 3292 2538 3340 23

297 3349 489 3391 affectus
522 3349 563 3392 G
594 3351 635 3391 4.
670 3349 693 3389 1
726 3349 767 3390 8.
891 3346 938 3400 q)
967 3348 1178 3388 homines
1210 3346 1245 3388 C
1270 3349 1309 3388 1.
1345 3348 1387 3393 2.
1508 3345 1550 3399 r)
1583 3347 1693 3396 quis
1726 3345 1825 3389 Gl.
1860 3347 1902 3388 2.
1934 3347 1976 3388 8.
2098 3345 2139 3398 s)
2171 3348 2407 3388 caritatem
2438 3349 2533 3388 Pl.

296 3407 335 3460 t)
369 3410 432 3449 ica
475 3408 517 3448 A
551 3411 594 3451 1.
626 3406 688 3449 ⁸2.
726 3408 750 3447 2
800 3406 930 3458 (corr.
976 3405 1225 3457 apparuit).
1273 3407 1316 3445 4.
1351 3405 1392 3446 5.
1423 3406 1461 3445 F
1496 3408 1535 3450 1.
1588 3405 1629 3447 G
1663 3406 1704 3448 1.
1739 3407 1791 3455 23
1838 3405 2052 3455 apparuit
2080 3407 2219 3445 ceteri.
2268 3427 2321 3435 -
2356 3405 2537 3446 stellam

296 3468 334 3507 F
368 3468 410 3511 1.
444 3466 486 3508 G
518 3469 557 3509 1.
676 3464 726 3517 u)
761 3468 964 3506 cometes
996 3464 1037 3506 G
1068 3465 1121 3513 83
1152 3468 1350 3504 cometes
1380 3464 1424 3504 D
1457 3465 1506 3513 23
1539 3466 1786 3505 commetes
1818 3464 1853 3504 C
1888 3465 1927 3503 1.
1964 3463 2005 3504 G
2034 3465 2103 3505 bc.
2222 3463 2269 3516 v)
2301 3465 2537 3504 Marianos

295 3526 339 3565 A
372 3527 420 3576 23
451 3526 723 3566 Mam-ianus
756 3523 797 3565 G
829 3525 878 3573 23
909 3524 1200 3564 Marinianus
1229 3523 1273 3563 D
1306 3523 1347 3565 8.
1479 3520 1543 3574 w)
1578 3523 1702 3563 cives
1734 3523 1774 3563 A
1795 3520 1860 3562 ’2.
1894 3523 1937 3563 4.
1970 3521 2013 3560 D
2034 3525 2073 3562 1.
2106 3523 2146 3562 Β
2168 3524 2208 3563 1.
2242 3523 2278 3562 F
2300 3525 2318 3562 1
2357 3522 2538 3574 (cibes).

300 3584 343 3626 G
376 3586 515 3634 1—43
545 3594 707 3626 cervos
740 3584 856 3623 civis
888 3581 930 3623 G
961 3582 1040 3632 503
1072 3582 1182 3621 deese
1211 3582 1255 3622 D
1289 3582 1330 3621 2.

300 3737 603 3798 erogantur,
659 3738 719 3783 ut
754 3732 895 3783 inter
952 3747 1044 3784 eos
1099 3731 1280 3781 vivere
1336 3730 1618 3797 possimus,
1676 3729 2014 3795 suggerenda
2068 3745 2174 3781 non
2213 3735 2351 3782 sunt.
2428 3730 2537 3782 Sed

300 3806 538 3856 breviter
572 3806 775 3869 indico,
832 3806 974 3872 quia,
1030 3805 1172 3856 sicut
1227 3806 1285 3854 in
1340 3803 1634 3855 Ravennae
1693 3803 1933 3869 partibus
1973 3802 2305 3855 dominorum
2362 3804 2536 3870 pietas

302 3878 446 3945 apud
484 3878 715 3946 primum
763 3879 1056 3929 exercitum
1096 3876 1294 3928 Italiae
1352 3873 1696 3928 sacellarium
1753 3876 1932 3939 habet,
1974 3879 2063 3943 qui
2125 3878 2299 3927 causis
2356 3892 2537 3943 snper-

297 3951 635 4002 venientibus
673 3950 1013 4018 quotidianas
1067 3965 1328 4017 expensas
1377 3950 1562 4014 faciat,
1607 3951 1686 4002 ita
1726 3955 1780 4001 et
1813 3951 1868 4000 in
1915 3950 2020 4000 hac
2061 3950 2192 4001 urbe
2247 3965 2312 4001 ex
2361 3951 2537 4002 causis

301 4023 497 4074 talibus
537 4039 719 4075 eorum
758 4023 1077 4076 sacellarius
1117 4038 1217 4089 ego
1245 4039 1378 4076 sum.
1455 4023 1530 4073 Et
1565 4027 1747 4075 tamen
1784 4023 1923 4074 haec
1964 4022 2213 4086 ecclesia,
2255 4037 2392 4088 quae
2431 4037 2536 4073 uno

302 4095 599 4163 eodemque
635 4102 875 4163 tempore
916 4096 1146 4159 clericis,
1191 4098 1550 4159 monasteriis,
1606 4097 1946 4165 pauperibus,
1995 4094 2193 4163 populo
2245 4101 2406 4161 atque
2456 4097 2536 4145 in-

300 4184 462 4236 super
497 4168 874 4235 Longobardis
911 4176 1023 4222 tam
1079 4170 1248 4222 multa
1299 4169 1666 4222 indesinenter
1723 4168 1993 4237 expendit,
2051 4183 2180 4220 ecce
2236 4167 2413 4218 adhuc
2473 4184 2538 4219 ex

302 4244 535 4294 omnium
576 4243 925 4296 ecclesiarum
975 4244 1232 4310 premitur
1277 4242 1568 4295 afflictione
1620 4250 1708 4294 etc.
1789 4241 2055 4304 Quantum
2090 4256 2214 4292 vero
2254 4239 2450 4293 laboris
2490 4249 2537 4292 et

301 4313 470 4367 studii
491 4315 805 4381 impenderit
831 4333 873 4367 s.
891 4314 1140 4383 pontifex
1168 4315 1241 4367 ad
1267 4331 1402 4376 eam,
1420 4314 1801 4366 reluctantibus
1828 4314 2062 4377 Graecis,
2104 4313 2538 4381 comparandam,

294 4388 484 4453 plures
524 4387 667 4440 aliae
702 4386 943 4441 indicant
982 4388 1248 4456 epistolae,
1286 4405 1422 4455 quas
1462 4388 1673 4454 lonqum
1712 4396 1842 4440 esset
1881 4386 1963 4440 hic
1998 4385 2235 4440 recitare.
2309 4388 2407 4441 BI.
