3042 4909
648 394 871 447 PAULI
910 394 1258 448 HISTORIA
1295 391 1965 447 LANGOBARDORUM.
2355 389 2425 443 4⁷

204 573 267 629 ut
314 562 633 648 tollerent,
686 562 889 628 Pauli
939 560 1151 643 verba,
1207 568 1281 625 ut
1329 583 1545 647 supra
1587 562 1976 642 monuimus,
2032 558 2125 624 ad
2167 558 2427 624 modum

204 648 493 734 vulqaris
534 646 807 734 linquae
847 668 982 712 non
1023 643 1213 710 semel
1254 646 1529 732 scripta,
1572 666 1653 709 ecc
1729 643 2150 710 rammaticae
2177 639 2427 743 requlis

204 732 611 820 corriqerent,
655 728 936 796 lacunas
980 728 1329 815 emplerent,
1375 727 1499 794 alii
1541 750 1592 793 s.
1627 729 1671 793 Ι
1725 774 1741 792 .
1785 736 1844 792 et
1871 726 1949 791 X.
1990 727 2259 794 librarii
2301 726 2428 793 sibi

202 824 576 898 sumserunt,
622 814 795 900 quod
851 823 1066 881 tamen
1118 813 1235 878 vix
1283 834 1601 899 prospere
1653 815 1745 879 eis
1803 813 2006 877 cessit.
2090 810 2228 876 Nec
2265 809 2427 893 fieri

192 902 432 985 potuit,
492 899 655 985 quin
710 899 787 964 in
845 907 1033 964 tanta
1086 897 1382 963 codicum
1423 896 1584 962 mole
1625 897 1855 962 variae
1898 903 2096 961 natae
2138 896 2271 960 sint
2310 894 2411 959 lec·

201 985 395 1050 tiones
435 984 823 1048 innumerae
846 980 1019 1068 fere,
1063 1003 1298 1067 eaeque
1348 980 1537 1047 modo
1592 981 1770 1046 omni
1819 1000 2012 1046 sensu
2066 979 2426 1060 destitutae,

199 1067 375 1134 modo
446 1067 833 1133 temerariae
894 1075 952 1132 et
1017 1088 1060 1131 a
1122 1066 1412 1153 qenuino
1474 1064 1810 1130 verborwm
1872 1072 2088 1130 tenore
2140 1083 2426 1149 prorsus

203 1151 470 1218 alienae.
521 1148 703 1225 Quas
733 1171 948 1216 omnes
974 1157 1258 1232 enotare,
1289 1149 1529 1214 nedum
1558 1149 1664 1215 hic
1692 1169 2039 1230 recensere,
2069 1145 2427 1213 taediosum

199 1244 252 1300 et
323 1234 475 1300 lane
503 1232 734 1301 inutile
762 1243 922 1299 erat.
982 1233 1066 1299 Id
1092 1242 1307 1298 tamen
1336 1234 1608 1319 eqimm,
1640 1241 1712 1297 ut
1739 1232 2036 1298 codicum
2075 1232 2191 1318 qui
2221 1237 2426 1295 aetate

196 1259 320 1384 velp
316 1321 700 1384 auctoritate
730 1326 1086 1403 praestant
1114 1317 1205 1406 (A
1240 1318 1294 1382 1.
1322 1316 1383 1380 2.
1427 1318 1494 1381 F
1512 1315 1577 1404 1)
1610 1318 1933 1403 inteqram
1978 1313 2270 1380 lectionis
2309 1335 2424 1378 va·

197 1404 481 1468 rietatem
536 1402 996 1484 emhiberemus,
1050 1422 1131 1467 esc
1191 1398 1346 1467 aliis
1402 1402 1518 1487 qui
1572 1400 1663 1466 ad
1707 1401 1820 1466 hos
1911 1421 2068 1501 rope
2114 1397 2428 1464 accedunt

193 1487 292 1637 {B
316 1489 372 1551 1.
410 1486 468 1554 C
480 1487 536 1551 1.
567 1486 635 1550 D
662 1485 718 1551 1.
752 1484 813 1551 G
839 1487 894 1550 1.
917 1485 994 1569 2)
1039 1487 1262 1551 omnia
1333 1508 1460 1551 uae
1498 1485 1588 1551 ad
1616 1506 1838 1549 veram
1924 1492 2196 1549 ctionem
2222 1482 2420 1547 stabi-

220 1570 478 1636 iendam
504 1568 738 1657 facere
768 1579 1056 1658 possunt
1083 1579 1201 1634 aut
1235 1591 1267 1634 s
1338 1578 1459 1634 tem
1504 1590 1638 1634 non
1681 1577 1946 1654 apertae
1985 1567 2428 1653 corruptionis

199 1655 450 1722 indicia
484 1654 821 1741 praebent,
865 1675 947 1720 eae
982 1652 1255 1739 reliquis
1296 1675 1466 1735 vero,
1511 1661 1831 1738 quantum
1858 1652 2108 1734 licebat,
2152 1673 2230 1716 ea
2261 1672 2428 1735 quae

200 1739 488 1806 codicum
531 1741 983 1825 eoqnationem
1036 1746 1094 1802 et
1139 1746 1351 1803 textus
1395 1735 1693 1818 Paulini,
1734 1745 1807 1800 ut
1834 1739 1931 1802 ita
1960 1736 2200 1817 dicam,
2231 1734 2423 1801 histo·

197 1826 365 1891 m'am
407 1844 489 1887 eoe
536 1820 792 1888 lanant.
854 1822 1082 1910 Neque
1123 1822 1199 1887 id
1226 1824 1497 1908 eqimus,
1541 1829 1614 1885 ut
1643 1820 1878 1907 ubique
1922 1819 2178 1908 sinquli
2206 1819 2424 1903 cujus·

199 1929 314 1994 que
368 1929 440 1972 co
490 1909 611 1973 icis
668 1904 1014 1992 afferretur
1065 1905 1246 1971 lectio
1255 1928 1281 1989 ,·
1331 1927 1821 1991 nonnumquam
1875 1903 2106 1969 classis
2162 1904 2427 1989 siqnum

199 1998 232 2076 (
278 1992 619 2056 raesertim
655 1991 758 2073 D)
802 1992 1173 2076 posui-mus,
1230 1990 1345 2055 ubi
1446 1987 1623 2054 lures
1676 1991 1847 2054 inter
1899 2010 1966 2053 se
2018 1988 2427 2068 conveniunt,

197 2016 273 2142 αἲξ
298 2074 572 2161 reliquie
599 2096 747 2140 vero
778 2096 912 2141 non
941 2073 1294 2140 constabat.
1410 2096 1516 2140 am
1547 2082 2132 2159 quantamcumque
2161 2092 2427 2156 operam

195 2161 566 2225 Bethmann
609 2158 855 2247 aliique
885 2160 1054 2226 socii
1088 2158 1299 2224 nostri
1325 2159 1399 2223 in
1428 2156 1847 2243 indaqandis
1874 2166 1932 2221 et
1960 2153 2426 2220 examinandis

194 2242 395 2309 Pauli
436 2243 768 2309 codic-ibus
803 2251 1172 2329 posuerunt
1233 2264 1367 2309 non
1399 2261 1614 2306 omnes
1656 2249 1869 2306 tamen
1913 2237 2085 2304 locos
2126 2240 2425 2324 inspexe-

192 2337 372 2409 runt,
418 2328 533 2414 qui
576 2328 784 2392 dubia
809 2348 1058 2392 movere
1084 2350 1158 2393 ve
1211 2325 1451 2391 solvere
1469 2332 1760 2412 possent.
1833 2324 2017 2398 Quae
2044 2330 2428 2388 correctores

181 2420 417 2500 postea
461 2412 787 2477 codicibus
829 2410 1193 2476 intulerunt
1235 2432 1315 2475 eoe
1349 2408 1414 2473 A
1438 2410 1472 2471 1
1505 2417 1565 2472 et
1591 2408 1632 2473 2
1661 2415 1915 2472 tantum
1947 2407 2427 2487 annotavimus,

191 2519 273 2562 eoe
316 2496 384 2560 D
412 2496 444 2559 1
471 2504 529 2561 et
555 2495 668 2559 Fl
702 2505 969 2582 partem
997 2517 1218 2561 eorum
1262 2516 1429 2581 quae
1456 2495 1532 2559 in
1561 2500 1796 2557 ceteros
1841 2491 2078 2556 harum
2122 2489 2428 2554 classium

193 2578 394 2646 libros
427 2580 858 2661 transierunt,
893 2578 1068 2662 aliis,
1093 2578 1329 2666 quibus
1405 2579 1743 2643 raesertim
1769 2574 1826 2641 G
1847 2576 1902 2639 1.
1926 2573 2039 2641 23
2064 2572 2429 2655 abundant,

180 2685 470 2752 prorsus
514 2665 783 2729 omissis.
838 2662 1293 2728 Nihilominus
1393 2670 1593 2728 ctores
1636 2661 1848 2726 nimia
1890 2659 2229 2726 lectionum
2269 2657 2431 2723 mole

194 2749 457 2815 obrutos
480 2768 633 2830 esse,
655 2747 887 2813 multos
895 2745 1057 2832 fore
1088 2747 1204 2833 qui
1217 2747 1524 2832 judicent
1552 2746 1668 2810 vice
1698 2743 1937 2812 dubito.
2012 2740 2187 2818 Quos
2214 2750 2429 2807 tamen

190 2833 471 2899 monitos
507 2830 717 2913 velim,
760 2830 855 2896 bis
891 2841 1060 2897 terve
1077 2832 1377 2917 primum
1419 2853 1462 2894 a
1490 2829 1924 2911 Betkmanno,
1961 2836 2214 2914 postea,
2253 2825 2428 2892 codi-

192 2917 380 2983 cibus
437 2916 914 3003 antiquissimis
973 2916 1187 2981 denuo
1241 2914 1584 2997 adhibitis,
1632 2935 1675 2977 a
1716 2935 1812 2977 me
1858 2934 1991 2978 non
2035 2920 2228 2998 qrato
2270 2933 2431 2975 sane

191 3000 419 3068 labore
461 3022 573 3065 eas
615 3021 748 3065 esse
791 3000 1144 3065 recensitas
1188 3007 1246 3064 et
1287 2998 1668 3084 castiqatas.

361 3083 751 3231 Ehditionum
792 3083 908 3148 vioe
952 3081 1140 3149 semel
1180 3082 1280 3147 vel
1329 3080 1426 3147 bis
1468 3083 1642 3146 ratio
1689 3080 1991 3147 habenda
2032 3088 2191 3145 erat.
2258 3076 2433 3144 Sunt

190 3190 344 3235 vero
437 3190 513 3233 ae
530 3179 548 3214 ¹
570 3190 591 3232 .·

370 3251 434 3336 1)
478 3251 911 3333 Ascensiana,
956 3249 1054 3316 ed.
1102 3247 1281 3315 Guil.
1311 3249 1550 3331 Parvo,
1595 3248 1812 3314 Paris.
1850 3246 2030 3330 1514,
2091 3269 2170 3311 ecc
2213 3245 2431 3311 codice

196 3334 441 3400 classis
485 3335 552 3399 F
598 3333 914 3418 (fortasse
956 3333 1118 3398 F2⁸
1160 3333 1258 3398 vel
1298 3333 1551 3416 F2²*).

365 3418 436 3505 2)
497 3418 1032 3505 Peutinqeriana,
1097 3415 1438 3505 Auqustae
1497 3416 1688 3499 1515,
1754 3416 2003 3481 codices
2065 3421 2283 3478 secuta
2343 3413 2433 3477 ad

191 3500 256 3567 A
287 3501 329 3566 3
373 3511 433 3568 et
474 3502 520 3567 I
543 3503 573 3565 1
669 3504 1030 3568 ertinentes.

366 3587 436 3673 3)
483 3586 612 3652 Ero
654 3588 923 3668 eniana,
965 3594 1236 3651 curante
1265 3586 1335 3651 S.
1371 3583 1656 3665 Gelenio,
1701 3581 2010 3647 Basileae
2044 3578 2224 3663 1532,
2260 3581 2433 3644 inter

192 3670 542 3737 Historiae
582 3672 924 3736 Romanae
965 3671 1333 3755 scriptores,
1378 3691 1458 3733 eoe
1504 3668 1539 3732 1
1585 3667 1879 3751 repetita.

366 3755 438 3840 4)
482 3753 1356 3903 Lindenbroqianagrima,
1397 3751 1722 3839 Luqduni
1763 3749 1917 3814 Bat.
1951 3747 2131 3813 1595.
2178 3748 2239 3830 8,
2283 3768 2363 3811 ecc
2391 3746 2433 3810 2

191 3847 436 3920 sumta,
482 3838 772 3904 adhibito
818 3839 1035 3904 codice
1134 3836 1435 3920 rteliano,
1479 3837 1597 3925 qui
1641 3834 1732 3899 ad
1781 3832 1837 3900 C'
1854 3832 1897 3899 5
1927 3854 2144 3921 prope
2190 3831 2435 3897 accedit

195 3927 453 4025 (supra
498 3946 574 4009 p.
634 3922 716 3988 29
757 3968 773 3986 .
859 3921 1048 3989 Novo
1112 3920 1296 3988 titulo
1363 3929 1564 3986 aucta
1614 3918 1879 4006 prodiit
1937 3940 2082 3983 cum
2132 3916 2433 3983 Jordane

193 4005 357 4073 aliis
401 4006 506 4072 Lu
555 4006 618 4070 d.
664 4007 697 4069 1
751 4006 848 4071 17.
894 4004 954 4071 8.

367 4088 440 4177 5)
563 4090 1093 4177 indenbroqiana
1156 4090 1405 4171 altera,
1471 4086 1774 4154 Hambur
1820 4086 1847 4151 i
1911 4085 2093 4149 1611.
2157 4084 2219 4165 4,
2292 4104 2434 4148 cum

186 4173 521 4257 Jordane,
563 4174 823 4241 Isidoro
868 4183 999 4258 etc„
1035 4196 1110 4260 p.
1145 4174 1285 4257 187,
1332 4173 1624 4240 adhibito
1669 4193 1739 4237 co
1789 4171 1885 4235 ice
1927 4168 1992 4233 B
2025 4170 2079 4231 1.

190 4297 250 4366 1)
297 4298 374 4368 Cf
399 4275 702 4354 Bethmann
731 4317 794 4368 p.
836 4300 942 4353 296
981 4318 1109 4369 sqq.,
1160 4301 1266 4352 314
1304 4317 1435 4368 sqq.,
1475 4300 1582 4351 844
1619 4315 1748 4366 sqq„
1796 4294 1888 4346 ubi
1926 4290 2226 4347 accuratius
2265 4293 2330 4344 de
2367 4289 2435 4342 iis

187 4374 328 4441 eyia·
372 4373 446 4428 N.
486 4372 648 4426 Aren.
688 4373 737 4438 I,
764 4391 825 4441 p.
867 4374 996 4427 558.
