3042 4909
519 424 743 477 PAULI
779 424 1129 479 HISTORIA
1165 425 1835 480 LANGOBARDORUM.
1911 427 2055 479 LIB.
2093 428 2191 482 1v.
2400 429 2504 480 163

259 615 428 659 unus
462 589 947 658 Grimoaldum⁸
977 591 1317 677 puerulum
1343 592 1603 658 fratrem
1632 614 1839 677 suum,
1883 593 2037 659 dum
2066 595 2460 662 existimaret
2475 597 2504 639 Β

259 685 481 763 utpote
510 674 851 762 parvulum
874 696 1069 761 super
1098 698 1336 762 equum
1359 684 1759 742 currentem⁰
1788 699 1855 742 se
1878 686 2093 743 tenere
2115 699 2243 743 non
2265 680 2505 778 possefl,

263 759 527 825 *melius
579 760 857 824 ducens0
909 758 1183 825 eundem
1233 760 1446 859 gladio
1503 761 1816 846 perimere
1869 782 2063 848 quam
2118 763 2501 849 captivitatis

262 845 488 929 iugum
540 843 872 925 sustinere,
931 854 1080 906 eum
1135 842 1430 909 occidere
1471 843 1689 910 voluit.
1777 844 1944 910 Cum
1990 845 2188 931 igitur
2234 854 2309 910 ut
2358 867 2505 911 eum

311 936 626 993 ercuteret
694 925 985 993 lanceam
1055 925 1392 1011 elevasset,
1463 948 1625 1014 puer
1691 927 2029 994 lacrimans
2102 928 2505 1012 exclamavit,

310 1012 510 1076 ‘censz
556 1009 723 1075 ‘Noli
764 1009 907 1076 mer
958 1032 1282 1096 pungere,
1336 1011 1489 1098 quia
1530 1033 1793 1097 possum
1836 1034 1939 1077 me
1983 1034 2059 1077 su
2107 1024 2223 1078 erss
2266 1034 2506 1099 equum

263 1093 517 1161 tenere'.
606 1094 738 1175 Qui
767 1094 1003 1159 iniecta
1030 1095 1271 1159 manuh
1317 1117 1464 1161 eum
1507 1118 1628 1194 per
1653 1095 1990 1161 brachium
2018 1036 2504 1182 adprehendens

264 1188 498 1265 superss
533 1176 778 1242 nudum
823 1177 975 1264 equi
1013 1177 1273 1242 dorsum
1385 1189 1556 1244 osu1t
1597 1179 2000 1266 eundemque
2042 1190 2114 1246 ut
2157 1180 2212 1244 si
2252 1181 2503 1266 posset¹

267 1284 335 1326 se
381 1261 706 1326 continere
748 1261 1034 1326 hortatus
1093 1270 1207 1326 est.
1356 1263 1513 1327 uerk
1565 1285 1720 1328 vero
1763 1262 2016 1329 frenum
2066 1264 2217 1350 equi
2273 1264 2503 1329 manu¹

261 1345 595 1430 arripiens,
645 1343 962 1430 fugientes
993 1366 1332 1430 germanos
1376 1354 1440 1411 et
1482 1347 1622 1446 ipse
1666 1356 1922 1412 secutus
1966 1356 2079 1412 est.
2165 1347 2312 1428 Quo
2357 1367 2504 1411 con-

258 1437 464 1515 perto,
523 1427 774 1492 Avares
828 1449 985 1492 mox
1040 1429 1323 1493 ascensis
1379 1451 1562 1517 equ1s
1617 1452 1728 1495 eos
1834 1431 2103 1496 ersecuti
2156 1439 2334 1514 sunt;
2392 1429 2507 1496 sed

259 1510 521 1598 reliquis
564 1511 770 1577 veloci
812 1511 966 1610 fuga
1022 1511 1460 1596 evadentibus,
1514 1512 1738 1579 Grimo
1805 1514 1848 1579 d
1945 1513 2206 1580 uerulus
2248 1513 2330 1579 ab
2375 1535 2504 1581 uno

259 1617 511 1678 eorum,
569 1596 678 1681 qui
718 1593 1004 1660 velocius
1064 1608 1461 1679 cucurrerat,
1520 1598 1791 1683 capitur.
1961 1619 2036 1663 ec
2085 1608 2302 1663 tamen
2356 1619 2505 1663 eum

258 1701 412 1744 suus
481 1681 953 1765 conprehensor
1008 1677 1222 1777 gladio
1279 1678 1468 1745 ferire
1524 1689 1796 1780 propter
1855 1682 2234 1768 parvitatem
2277 1681 2505 1746 aetatis

258 1762 556 1848 dignatus
601 1773 715 1845 est,
767 1761 882 1827 sed
925 1763 1048 1829 sib1
1090 1762 1363 1828 eundem
1404 1774 1619 1849 potius
1664 1765 2091 1830 serviturumm
2134 1765 2503 1831 reservavit.

260 1845 557 1932 Cumque
624 1868 772 1911 eum
790 1858 821 1889 ¹¹
876 1845 961 1910 ad
1026 1857 1234 1912 castra
1250 1857 1276 1890 ⁰
1340 1856 1669 1913 revertens
1748 1848 2149 1935 adprehenso
2214 1847 2501 1914 eiusdem

257 1931 408 2016 equi
462 1929 641 1995 freno
708 1929 1042 1995 reduceret
1107 1929 1315 2017 deque
1387 1940 1519 1996 tam
1574 1931 1772 1998 nobili
1833 1932 2118 2018 praedal'
2186 1929 2502 1996 exultaret

255 2053 341 2064 —
369 2023 507 2079 erat
535 2014 705 2079 enim
733 2014 870 2099 ipse
891 2025 919 2066 ‘1
964 2012 1270 2099 puerulus
1299 2014 1575 2101 eleganti
1601 2014 1824 2098 forma,
1865 2016 2248 2082 micantibus
2280 2014 2501 2097 oculis,

254 2095 456 2163 lacteo
503 2098 674 2162 crine
717 2096 1013 2184 perfusus
1057 2121 1173 2182 -3
1219 2099 1328 2184 qui
1373 2119 1520 2162 cum
1566 2121 1633 2164 se
1678 2099 2003 2185 captivum
2045 2098 2211 2163 trahi
2239 2096 2498 2181 doleret,

535 2199 834 2286 Ingentes
880 2199 1127 2264 animos
1171 2209 1441 2286 angusto
1460 2210 1484 2242 Γ
1527 2200 1596 2264 in
1637 2208 1897 2286 pectore
1940 2220 2223 2282 versans,

256 2321 507 2384 ensem,
607 2297 815 2364 ualem
858 2301 926 2364 in
967 2298 1075 2365 illa
1115 2309 1321 2366 aetate
1371 2300 1608 2366 habere
1650 2310 1933 2387 poterat,
1976 2324 2019 2365 v
2103 2301 2212 2364 ina
2263 2300 2502 2366 exemit

255 2405 455 2469 seque
508 2323 860 2449 nabentem
903 2383 1245 2467 Avaremf,
1303 2383 1606 2470 quantulo
1630 2388 1650 2427 ‘
1715 2384 1945 2448 adnisu
1995 2407 2038 2448 v
2099 2385 2212 2467 uit,
2272 2383 2498 2483 capitis

252 2468 323 2531 in
350 2467 628 2532 vertice¹¹
656 2469 988 2553 percussit.
1071 2467 1360 2553 Moxque
1389 2467 1472 2532 ad
1500 2467 1835 2533 cerebrum
1863 2468 2070 2532 ictusv
2099 2488 2501 2555 pervemens,

253 2550 512 2616 hostisW
557 2549 639 2615 ab
695 2574 729 2617 e
777 2573 860 2616 uo
917 2552 1202 2616 deiectus
1270 2561 1383 2616 est.
1478 2553 1651 2617 Puer
1712 2573 1864 2616 vero
1918 2549 2255 2616 Grimuald
2309 2572 2496 2616 verso

254 2656 422 2722 equo
465 2634 686 2720 fugam
767 2634 1165 2700 aetabundus
1209 2635 1540 2721 arripiens,
1595 2635 1855 2700 tandem
1896 2633 2200 2700 fratribus
2241 2634 2496 2699 iunctus

251 2727 350 2783 est
400 2718 620 2803 eisque
680 2717 1051 2784 liberatione
1095 2739 1229 2798 sua,
1280 2719 1570 2784 nuntiato
1586 2731 1617 2761 ¹
1674 2718 1936 2805 insuper
1978 2718 2175 2783 hostis
2217 2718 2496 2800 interitu,

253 2799 718 2867 inaestimabile
747 2801 1057 2887 gaudium
1087 2800 1257 2867 fecit.
1322 2801 1569 2868 Avares
1601 2824 1753 2868 vero
1785 2822 2004 2867 omnes
2034 2801 2494 2888 Langobardos

254 2886 367 2972 qui
418 2886 549 2950 iam
592 2885 657 2948 in
698 2884 866 2950 virili
906 2894 1111 2950 aetate
1154 2895 1334 2951 erant
1374 2884 1587 2972 gladio
1631 2885 1969 2972 perimunt,
2013 2885 2309 2951 mulieres
2339 2906 2494 2950 vero

252 2978 320 3034 et
369 2967 672 3054 parvulos
735 2968 1119 3055 captivitatis
1176 2969 1326 3056 iugo
1378 2969 1688 3034 addicunt
1701 2981 1757 3033 Y.
1863 2968 2261 3035 Romildam²
2320 2990 2494 3050 ver0,

253 3074 420 3140 quae
485 3052 681 3117 totius
744 3051 1024 3117 malitiae
1090 3063 1284 3138 caput
1349 3053 1579 3135 extitit,
1659 3076 1776 3119 rex
1838 3051 2128 3118 Avarum
2146 3064 2172 3096 ἃ
2229 3061 2493 3139 propter

252 3134 716 3218 iusiurandum,
761 3136 927 3201 sicut
970 3135 1030 3200 ei
1071 3136 1519 3223 spoponderat,
1565 3146 1752 3201 nocte
1789 3158 1918 3201 una
1947 3137 2131 3224 quasi
2171 3137 2239 3200 in
2282 3136 2498 3200 matri-

250 3220 464 3284 monio
482 3221 508 3263 ¹³
552 3219 806 3303 habuit,
862 3219 1208 3284 novissime
1251 3241 1403 3286 vero
1458 3219 1796 3285 duodecim
1838 3219 2164 3285 Avaribus
2217 3219 2496 3303 tradidit,

250 3388 295 3442 a)
328 3389 392 3429 ita
421 3390 499 3430 hoo
528 3391 619 3430 loco
650 3389 778 3430 etiam
807 3390 850 3430 A
884 3391 925 3430 1.
960 3390 1001 3430 8.
1053 3408 1104 3420 -
1152 3391 1397 3441 parvulum
1443 3389 1485 3431 G
1517 3391 1559 3433 8.
1591 3392 1634 3433 4.
1757 3388 1805 3442 b)
1840 3391 2087 3432 extimat-et
2113 3391 2154 3431 E
2174 3392 2224 3440 13
2258 3391 2496 3432 estimaret

249 3450 295 3490 D
330 3449 371 3489 8.
404 3449 441 3488 F
473 3445 535 3491 ⁸8.
571 3447 614 3490 G
644 3448 687 3490 8.
721 3448 762 3491 8.
883 3446 925 3500 e)
960 3458 1145 3489 currere
1178 3448 1290 3498 A83
1324 3452 1562 3490 currentes
1596 3445 1720 3498 c·1;
1754 3458 1792 3489 c.
1827 3449 2029 3491 retinere
2060 3449 2098 3489 F
2129 3447 2199 3501 (se
2229 3453 2314 3489 ret.
2348 3446 2410 3500 ὃ).
2432 3448 2492 3490 6.

250 3504 300 3558 d)
330 3511 485 3557 posset
515 3508 552 3548 F
584 3508 624 3548 1.
761 3505 805 3559 e)
838 3507 995 3547 dicens
1040 3516 1143 3547 esse
1172 3508 1211 3547 Β
1247 3508 1288 3548 1.
1423 3505 1460 3558 f)
1493 3508 1639 3549 frater
1680 3508 1743 3547 mi
1773 3508 1874 3548 add.
1906 3507 1944 3547 B
1979 3509 2016 3547 1.
2151 3505 2201 3560 g)
2231 3507 2342 3547 deest
2375 3506 2418 3548 G
2450 3507 2491 3549 8.

249 3563 301 3618 h)
333 3575 521 3607 manum
550 3567 589 3606 Β
625 3567 675 3615 13
706 3565 925 3607 iniectam
957 3575 1146 3607 manum
1175 3566 1212 3605 P
1245 3567 1285 3607 1.
1421 3564 1456 3618 ί)
1485 3567 1636 3617 possit
1662 3567 1713 3606 F.
1747 3565 1789 3607 G
1821 3566 1957 3616 1-43
2001 3565 2119 3606 siout
2148 3569 2306 3616 posset
2337 3563 2379 3606 G
2410 3564 2493 3615 δοῖ

252 3625 295 3665 si
326 3624 437 3664 dem
466 3623 509 3664 A
539 3625 593 3674 43
641 3624 682 3665 si
710 3635 757 3675 p.
804 3625 889 3664 dee.
920 3623 971 3666 Ο.
1005 3624 1065 3666 D.
1114 3645 1167 3655 —
1211 3633 1315 3666 sese
1346 3624 1405 3666 D.
1455 3644 1508 3654 -
1559 3625 1820 3666 contineret
1848 3624 1887 3663 B
1919 3624 1991 3663 1⁸.
2023 3625 2084 3666 D.
2120 3623 2162 3666 G
2193 3623 2271 3674 δοῖ
2314 3627 2497 3665 teneret

252 3682 296 3724 G
327 3681 411 3733 δεῖ
459 3683 732 3732 continget-a
764 3680 805 3722 A
834 3679 905 3733 ‘43
951 3684 1225 3732 sequeretur
1253 3681 1290 3724 O
1323 3684 1363 3723 1.
1399 3682 1439 3724 8.
1469 3682 1495 3722 1
1528 3685 1550 3724 1
1602 3683 1861 3737 (continere
1906 3680 1950 3721 A
1980 3681 2113 3724 8-5.
2155 3684 2194 3725 Β
2230 3684 2269 3724 1.
2303 3683 2344 3724 8.
2377 3682 2419 3722 D
2456 3686 2495 3725 1.

247 3742 304 3786 1³.
338 3741 377 3782 G
400 3742 539 3792 1-43
569 3742 619 3781 in
650 3740 729 3782 Al
764 3742 866 3782 haee
895 3741 1050 3782 avulsa
1078 3740 1216 3793 mm).
1310 3739 1359 3793 k)
1388 3742 1783 3783 Puer—secutus
1816 3744 1886 3783 est
1913 3742 2003 3782 des.
2037 3741 2072 3783 Ο
2105 3744 2147 3785 8.
2237 3739 2273 3794 1)
2306 3751 2495 3781 manum

252 3799 290 3841 0
323 3795 387 3843 ·1.
417 3801 454 3840 F
488 3803 529 3842 1.
566 3799 608 3842 G
642 3801 784 3850 1—83
830 3801 946 3850 quod
964 3800 1162 3852 sortasse
1189 3800 1478 3850 recipiendum
1508 3805 1618 3841 erat.
1770 3798 1834 3852 m)
1868 3800 2107 3841 servitium
2138 3799 2179 3841 A
2211 3800 2263 3851 23
2311 3800 2369 3842 ad
2401 3809 2493 3841 ser·

251 3857 417 3899 vitium
450 3857 544 3901 01.
580 3860 628 3910 83
664 3859 876 3900 servituti
906 3860 944 3900 B
967 3860 1003 3900 1.
1096 3856 1147 3910 n)
1179 3860 1290 3899 deest
1322 3858 1423 3902 G8.
1455 3861 1498 3901 4.
1591 3857 1636 3911 ο)
1671 3861 1868 3899 castrum
1896 3857 1997 3900 68.
2088 3861 2138 3915 p)
2171 3859 2363 3909 predam
2392 3858 2492 3899 ΕΙ.

252 3915 304 3969 q)
334 3916 445 3957 deest
478 3917 513 3959 Ο
547 3919 588 3958 1.
742 3914 781 3968 r)
814 3918 925 3957 deese
954 3918 992 3958 Β
1028 3920 1068 3957 1.
1103 3918 1143 3958 8.
1296 3914 1337 3968 s)
1367 3917 1521 3959 Avare
1551 3919 1589 3958 F
1622 3920 1663 3962 1.
1783 3915 1819 3969 t)
1852 3918 2125 3968 quantulum
2158 3917 2193 3959 Ο
2227 3918 2267 3960 1.
2301 3918 2341 3957 8.
2371 3917 2416 3956 D
2450 3918 2496 3959 1.

254 3973 299 4017 G
331 3976 458 4018 1-4.
490 3976 535 4016 H
567 3978 617 4024 13
648 3977 921 4025 quantumlo
952 3977 988 4015 F
1007 3977 1046 4018 1.
1170 3977 1220 4031 u)
1251 3977 1472 4018 verticem
1502 3975 1547 4017 A
1578 3979 1624 4027 13
1657 3977 1820 4026 capitis
1851 3977 1903 4017 in
1933 3977 2086 4028 capite
2116 3987 2231 4017 corr.
2262 3975 2313 4016 in
2344 3976 2497 4026 eapite

249 4033 291 4074 F
324 4034 365 4085 1,
398 4037 435 4074 οι
464 4035 528 4073 ica
556 4034 595 4075 F
625 4035 668 4076 4.
703 4034 742 4077 5.
777 4034 832 4076 6.
966 4032 1013 4085 v)
1047 4035 1158 4075 deese
1200 4033 1243 4075 G
1272 4036 1315 4077 4.
1347 4034 1416 4077 50.
1553 4034 1615 4088 w)
1647 4035 1770 4076 hosti
1800 4033 1841 4075 A
1874 4036 1915 4077 8.
2051 4032 2101 4086 x)
2134 4034 2347 4075 nuntiato
2377 4044 2493 4076 corr.

250 4092 468 4133 nuntiata
513 4092 555 4133 A
588 4093 629 4136 1.
663 4091 705 4134 6
737 4095 778 4135 1.
812 4093 864 4143 85
910 4093 1126 4135 nuntiata
1153 4092 1196 4133 A
1229 4093 1272 4136 8.
1303 4094 1347 4137 4.
1377 4094 1415 4134 Β
1450 4096 1472 4133 1
1521 4093 1673 4147 (suam
1717 4094 2039 4147 liberationem
2084 4093 2298 4135 nuntiata
2337 4088 2418 4143 et).
2453 4092 2496 4135 8.

255 4151 306 4193 0.
339 4151 398 4204 D,
428 4150 530 4203 αῐιῖς
580 4151 801 4194 nuntians
831 4152 870 4193 Β
904 4152 942 4192 8.
978 4172 1029 4182 -
1076 4153 1315 4193 interitum
1342 4151 1383 4192 Β
1416 4154 1456 4198 1.
1488 4154 1563 4196 la.
1596 4154 1633 4195 8.
1668 4152 1703 4194 O
1736 4154 1779 4193 1.
1812 4152 1885 4193 4b.
1918 4152 1963 4191 D
1997 4153 2038 4195 1.
2069 4152 2109 4193 E
2145 4153 2184 4195 1.
2219 4151 2261 4193 6
2294 4152 2335 4192 8.
2367 4150 2409 4192 8.
2442 4151 2496 4202 43

252 4210 472 4252 interitus
502 4209 541 4251 F
575 4211 616 4252 1.
753 4207 803 4263 y)
836 4209 1057 4252 addicunt
1099 4221 1214 4251 corr.
1266 4211 1485 4252 abdieunt
1513 4210 1558 4252 A
1590 4213 1640 4263 13
1690 4211 1911 4252 abdieunt
1938 4209 1981 4250 A
2010 4211 2055 4252 4.
2087 4211 2126 4250 Β
2162 4213 2201 4252 1.
2234 4211 2274 4252 8.
2310 4209 2345 4251 0
2381 4211 2419 4254 1.
2454 4209 2494 4261 8,

253 4280 368 4310 corr.
416 4269 640 4311 addicunt
689 4268 730 4310 G
761 4268 843 4320 δας
906 4269 1127 4311 addicunt
1172 4280 1286 4314 corr.
1332 4271 1567 4312 adducunt
1610 4269 1649 4311 F
1682 4272 1723 4323 1,
1774 4274 1812 4310 et
1855 4270 1919 4310 ita
1965 4268 2007 4308 A
2038 4269 2080 4311 5.
2128 4269 2166 4309 F
2196 4269 2239 4310 4.
2289 4267 2332 4309 6
2363 4267 2491 4308 1-4.

253 4327 276 4366 1
311 4328 351 4367 1.
385 4328 439 4378 83
486 4327 721 4369 abducunt
765 4327 806 4369 A
837 4327 880 4369 8.
928 4326 970 4369 6
999 4327 1068 4369 50.
1220 4325 1263 4381 a)
1294 4328 1509 4370 Romilda
1553 4330 1592 4371 Β
1626 4330 1666 4372 1.
1716 4329 1759 4369 D
1794 4330 1834 4369 1.
1986 4326 2032 4381 a)
2064 4327 2322 4370 Avarorum
2367 4325 2408 4367 A
2440 4326 2496 4367 1?

254 4386 292 4426 B
329 4388 371 4428 1.
404 4388 446 4429 8.
482 4385 524 4427 6
555 4386 597 4429 8.
630 4388 689 4436 43
718 4385 924 4428 Avarum
954 4397 1071 4427 corr.
1104 4385 1364 4429 Avarorum
1398 4387 1440 4430 6
1475 4391 1513 4429 ι.
1635 4384 1683 4439 b)
1716 4387 2064 4429 matrimonium
2094 4387 2133 4428 Β
2168 4388 2206 4428 1.
2244 4385 2286 4428 G
2320 4387 2358 4428 1.

1930 4474 2036 4523 11*

2520 771 2542 794 ⁴
2555 788 2600 827 p.
2636 777 2737 820 180.
