3042 4909
606 428 825 481 PAULI
865 429 1211 481 HISTORIA
1249 428 1917 483 LANGOBARDORUM.
1997 430 2138 483 LIB.
2178 430 2225 484 1.
2468 430 2535 482 55

299 595 648 683 mologiam
694 594 958 661 ducunt.
1032 594 1317 662 Saltibus
1347 596 1518 660 enim
1547 606 1832 678 utentes,
1875 606 2009 662 arte
2039 595 2317 683 quadam
2360 594 2406 660 li
2498 618 2535 661 o

294 682 560 746 incurvo
603 680 690 745 ad
726 700 913 744 arcus
953 677 1435 745 similitudinem
1492 680 1659 746 feras
1709 679 2116 747 adsecuntur.
2199 681 2260 743 A
2307 688 2380 744 ut
2407 618 2537 745 {tos

292 774 390 830 est
440 761 677 829 animal
718 784 908 829 cervo
966 784 1096 827 non
1139 764 1293 829 satis
1316 776 1336 812 ¹
1382 762 1673 830 absimile
1687 775 1740 848 ⁸,
1778 765 1859 830 de
1904 764 2086 830 cuius
2132 785 2252 864 ego
2341 764 2536 846 corio,

292 857 362 913 ut
424 847 632 913 fuerat
695 846 843 934 pilis
906 845 1253 934 hispidum,
1316 856 1561 913 vestem
1626 850 1695 913 in
1758 847 2021 913 modum
2067 856 2321 913 tumcae
2447 867 2536 912 nu

291 941 476 998 tenus
518 940 803 1018 aptatam
847 932 1178 1030 conspexi,
1221 932 1389 997 sicut
1428 932 1559 996 iam
1600 932 1733 1015 fati,
1777 941 1850 997 ut
1885 930 2153 997 relatum
2197 939 2312 1014 est,
2419 931 2536 995 cri·

292 1014 495 1080 tobini
540 1024 824 1081 utuntur.
913 1014 1164 1096 Quibus
1187 1026 1210 1061 ²
1264 1016 1332 1079 in
1373 1014 1534 1081 locis
1578 1019 1750 1082 circa
1798 1014 2100 1082 aestivale
2158 1014 2534 1081 solstitium⁰

293 1120 413 1245 ger
474 1097 781 1185 aliquod‘¹
846 1097 983 1164 dies
1048 1099 1239 1165 etiam
1315 1110 1548 1166 noctu⁸
1620 1098 1973 1164 clarissima
2033 1098 2149 1163 lux
2226 1099 2533 1182 cernitur,

345 1183 560 1269 ‘esque
603 1181 694 1247 ibi
739 1180 940 1247 multo
982 1183 1256 1248 maiores
1301 1203 1495 1269 quam
1524 1182 1679 1248 alibi
1720 1182 2065 1266 habentui-3
2113 1183 2280 1248 sicut
2308 1205 2343 1248 e
2389 1203 2533 1247 con-

291 1266 485 1330 trario
531 1266 703 1330 circa
744 1264 1033 1331 brumale
1075 1264 1412 1330 solstitium
1428 1266 1467 1350 f,
1544 1268 1837 1366 quamvis
1894 1266 2022 1333 diei
2063 1264 2178 1330 lux
2206 1265 2393 1347 adsit,
2440 1263 2535 1330 sol

291 1358 506 1415 tamen
533 1370 663 1414 non
704 1349 795 1415 ibi
823 1348 1097 1432 videtur,
1144 1348 1411 1437 diesque
1439 1351 1689 1415 mimmi
1702 1362 1752 1433 8,
1842 1371 1990 1414 uam
2020 1350 2329 1436 usquamh
2363 1347 2531 1431 alibi,

288 1443 509 1499 noctes
540 1454 798 1532 quoque
825 1431 1146 1518 longiores
1189 1434 1504 1516 existunt3
1553 1434 1705 1520 quia
1734 1455 1802 1499 sc
1854 1435 1995 1517 'cet,
2039 1441 2279 1534 quanto
2325 1432 2531 1519 magis

288 1538 332 1581 a
373 1515 504 1583 sole
525 1515 780 1603 longius
804 1515 1185 1598 disceditur,
1230 1523 1404 1582 tanto
1428 1516 1524 1584 sol
1545 1519 1684 1604 ipse
1706 1527 1912 1584 terrae
1953 1518 2225 1582 vicmior
2266 1523 2535 1603 apparet

290 1609 354 1666 et
404 1599 670 1666 umbrae
725 1599 1044 1687 longiores
1095 1610 1493 1666 excrescunt.
1611 1601 1912 1688 Denique
1968 1601 2068 1664 in¹
2116 1600 2321 1682 Italia,
2367 1601 2533 1665 sicut

292 1693 356 1749 et
375 1686 622 1771 antiqui
644 1684 1053 1770 scripserunt,
1100 1684 1272 1750 circa
1294 1684 1465 1750 diem
1487 1683 1718 1750 natalis
1762 1685 2029 1750 Domini
2070 1706 2303 1750 novem
2334 1682 2531 1770 pedes

288 1769 357 1832 in
386 1767 617 1833 umbra
645 1777 925 1833 staturae
953 1767 1269 1834 humanae
1298 1768 1455 1833 hora
1484 1780 1668 1834 sexta
1697 1769 2061 1835 metiuntur.
2091 1807 2096 1814 ·
2146 1768 2290 1854 Ego
2320 1777 2532 1833 autem

288 1853 357 1916 in
404 1851 613 1918 Gallia
659 1850 927 1936 Belgica
967 1853 1035 1915 in
1075 1850 1216 1917 loco
1261 1853 1374 1939 qui
1417 1851 1734 1918 Totonisk
1777 1851 1928 1918 villa
1985 1851 2257 1917 dicitur³
2301 1851 2533 1916 consti·

288 1944 495 2019 tutus,
539 1945 741 2000 status
770 1936 900 2000 mei
928 1933 1257 2000 umbram¹
1300 1938 1589 2014 metiens,
1623 1936 1844 2002 decem
1876 1945 1939 2001 et
1958 1957 2190 2001 novem
2235 1943 2299 1999 et
2340 1935 2532 2000 semis

289 2018 490 2106 pedes
530 2020 767 2086 inveni.
855 2019 1006 2084 Sic⁴
1052 2040 1308 2106 quoque
1366 2021 1685 2086 contrario
1742 2019 1968 2102 modo,
2038 2028 2330 2105 quanto¹¹¹
2388 2039 2532 2105 pro·

288 2103 595 2189 pinquius
659 2101 1032 2167 meridiem¹¹
1108 2124 1333 2169 versus
1396 2103 1480 2169 ad
1549 2102 1747 2169 solem
1819 2102 2173 2184 acceditur,
2242 2111 2533 2167 tantum⁰

287 2209 545 2288 semper
586 2185 853 2252 umbrae
902 2186 1230 2254 breviores
1285 2187 1611 2269 videntur,
1668 2188 1737 2252 in
1793 2195 2040 2253 tantum
2093 2196 2166 2252 ut
2218 2182 2483 2250 solstitio
2503 2196 2531 2238 ⁹

288 2269 606 2355 aestivali,
679 2271 1061 2357 respiciente
1120 2269 1253 2336 sole
1311 2270 1390 2336 de
1452 2270 1664 2337 medio
1681 2283 1710 2325 ‘1
1765 2269 1947 2352 caeli,
1990 2271 2057 2335 in
2116 2268 2396 2354 Aegipto
2470 2276 2533 2333 et

288 2353 736 2420 Hierosolimis
791 2364 856 2420 et
910 2355 977 2418 in
1034 2376 1255 2419 eorum
1307 2354 1634 2420 vicinitate
1692 2354 2051 2419 constitutis
2106 2351 2263 2417 locis
2321 2348 2532 2417 nullae

288 2437 633 2504 videantur
688 2435 973 2504 umbrae.
1079 2439 1157 2503 In
1211 2437 1457 2502 Arabia
1509 2460 1662 2503 vero
1721 2436 1844 2502 hoc
1901 2438 2042 2522 ipso
2097 2444 2225 2500 tem
2277 2456 2383 2500 ore
2438 2432 2534 2499 sol

289 2544 487 2609 supra
507 2521 792 2588 medium
809 2533 837 2576 ‘1
882 2519 1040 2587 caeli
1060 2521 1146 2586 ad
1173 2529 1420 2621 partem
1449 2520 1767 2608 aquilonis
1796 2520 2095 2602 cernitur,
2139 2540 2249 2582 um
2295 2539 2531 2604 raeque

286 2628 478 2674 versa
519 2607 663 2672 vice
708 2615 928 2670 contra
969 2604 1345 2671 meridiem‘
1386 2604 1684 2671 videntur
1699 2615 1746 2669 ὃ.

459 2692 519 2756 6.
605 2689 781 2755 Nec⁸
827 2691 981 2753 satis
1024 2686 1250 2775 procul
1277 2689 1360 2755 ab
1389 2689 1512 2754 hoc
1543 2688 1624 2754 de
1670 2710 1798 2775 quo
1843 2686 2285 2775 praemisimus
2329 2683 2530 2768 litore,

291 2783 512 2841 contra
555 2771 1015 2839 occidentalem
1058 2781 1339 2858 partem,
1390 2777 1551 2860 quat
1589 2773 1726 2837 sine
1755 2770 1881 2837 fine
1917 2791 2224 2838 oceanum
2266 2767 2532 2856 pelagus

289 2918 334 2970 a)
369 2919 432 2959 ita
465 2919 504 2959 A
545 2915 608 2959 ’8.
644 2919 686 2960 8.
721 2917 763 2960 5.
799 2920 840 2960 8.
876 2919 914 2959 Β
950 2920 1020 2958 la.
1071 2917 1111 2957 D
1146 2917 1188 2959 8.
1222 2918 1278 2967 83
1310 2916 1524 2958 adsimile
1567 2914 1609 2955 A
1651 2912 1712 2959 ’2.
1748 2917 1788 2956 2.
1825 2914 1860 2957 0
1892 2911 1955 2956 ’1.
1991 2915 2033 2957 2.
2067 2915 2107 2954 D
2142 2916 2192 2956 1.
2223 2915 2261 2955 Ε
2297 2915 2336 2955 1.
2372 2912 2414 2955 G
2446 2913 2533 2965 ³⁸3

289 2977 497 3020 assimile
530 2977 564 3017 O
596 2977 640 3019 4.
672 2976 714 3018 5.
747 2978 789 3017 D
820 2978 892 3019 4a.
942 2977 994 3021 P.
1028 2975 1068 3017 G
1100 2976 1143 3016 4.
1183 2974 1319 3017 διδ.
1366 2976 1390 3015 Ι
1431 2976 1471 3026 2,
1503 2986 1524 3014 e
1554 2986 1667 3015 corr.
1700 2977 1735 3016 Β
1769 2975 1821 3024 2;
1868 2985 1913 3015 ιι.
1956 2984 1993 3015 s.
2026 2973 2229 3013 assimile
2275 2984 2388 3013 corr.
2421 2971 2534 3013 satis

288 3036 441 3077 simile
475 3035 515 3077 G
549 3036 597 3084 23
629 3036 780 3076 simile
814 3036 855 3076 G
887 3036 955 3077 bc.
989 3035 1031 3075 H
1066 3036 1106 3076 1.
1140 3035 1163 3075 1
1196 3036 1251 3074 la
1274 3045 1286 3084 ς
1313 3033 1541 3074 dissimile
1584 3035 1638 3075 B.
1674 3034 1697 3074 1
1729 3035 1772 3074 8.
1891 3030 1941 3083 b)
1973 3032 2084 3072 deest
2118 3031 2159 3073 G
2192 3032 2229 3071 2.
2355 3027 2397 3083 c)
2429 3030 2534 3070 soli·

290 3095 466 3136 stitium
497 3095 533 3135 Ρ
570 3096 617 3144 13
649 3104 734 3145 per
765 3114 819 3125 -
851 3094 1106 3134 solsticium
1138 3093 1185 3133 in
1215 3093 1408 3142 mareiae
1438 3092 1582 3142 suppl.
1614 3093 1651 3132 1³
1685 3095 1726 3134 1.
1763 3094 1803 3144 2,
1845 3091 1932 3132 des.
1966 3087 2080 3131 1⁰2.
2117 3090 2157 3132 8.
2190 3091 2234 3131 4.
2273 3088 2314 3132 5.
2406 3086 2453 3140 d)
2470 3089 2536 3129 ita

289 3154 412 3197 codd.
444 3152 695 3194 adustione
726 3163 870 3194 omnes
888 3152 988 3202 fers
1013 3162 1099 3202 pro
1132 3151 1338 3201 aliquan
1370 3151 1493 3201 quod
1523 3151 1560 3190 Ε
1596 3154 1638 3192 1.
1780 3147 1825 3201 e)
1858 3150 2065 3190 noctium
2097 3149 2140 3190 G
2171 3150 2211 3192 2.
2243 3149 2286 3191 8.
2320 3148 2364 3188 4.
2396 3148 2421 3187 1
2454 3150 2533 3197 1⁸3

291 3216 427 3254 nocte
463 3212 506 3254 G
535 3212 578 3253 5.
714 3210 751 3265 s)
778 3211 1054 3253 solestitium
1087 3208 1125 3251 A
1160 3209 1220 3250 ’2.
1251 3211 1288 3250 Ε
1325 3211 1373 3259 1;
1420 3209 1685 3250 solistitium
1728 3208 1769 3250 G
1801 3209 1842 3259 8,
1874 3209 1968 3250 alii.
2105 3206 2151 3259 g)
2184 3207 2386 3247 minores
2418 3205 2460 3248 G
2493 3206 2535 3259 2,

290 3272 617 3313 soem-,PL
769 3268 1123 3322 mdesuBl.
1275 3264 2532 3320 nascens.Gs.s.4;sth;et1nDs.

290 3329 338 3384 k)
372 3330 595 3371 'rectonis
628 3328 670 3371 G
702 3330 752 3379 83
784 3330 1047 3370 Theodonis
1080 3327 1207 3370 Gbs.
1223 3328 1337 3377 b.c;
1369 3327 1601 3368 Teodonis
1634 3326 1676 3368 G
1710 3321 1782 3376 ’ῦς
1813 3326 2025 3366 'rectonis
2056 3326 2080 3365 1
2114 3326 2186 3365 la.
2303 3321 2339 3375 l)
2374 3323 2535 3364 umbi-s

291 3389 331 3430 A
364 3391 408 3432 2.
443 3388 504 3440 ’8,
535 3400 649 3430 corr.
684 3388 894 3429 umbram
925 3389 961 3428 P
998 3389 1036 3430 1.
1158 3384 1223 3438 m)
1256 3389 1477 3436 quantum
1509 3385 1550 3426 A
1580 3384 1643 3429 ’8.
1678 3385 1719 3427 8.
1752 3385 1790 3425 F
1822 3386 1861 3427 5.
1987 3382 2037 3435 n)
2063 3384 2257 3424 meridie
2286 3380 2365 3438 49)
2399 3380 2441 3421 A
2472 3379 2532 3421 ’2.

288 3446 707 3491 Proxima..
841 3443 1299 3499 o)itaA⁸8.8.8.
1342 3446 1384 3487 5.
1431 3443 2046 3494 D1.1‹31.F1.n1,e
2089 3441 2362 3490 coa-nnn
2405 3442 2533 3481 tanto

288 3508 344 3549 B.
380 3506 435 3549 G.
472 3507 493 3547 1
527 3509 596 3558 la,
629 3506 723 3548 alii.
844 3506 894 3559 p)
924 3506 1170 3546 solstitium
1218 3504 1504 3557 (solistitium
1540 3502 1583 3544 G
1612 3503 1655 3545 8.
1689 3498 1756 3553 ’5)
1789 3503 1827 3543 Ε
1863 3503 1903 3543 1.
1935 3501 1990 3541 P.
2024 3499 2067 3541 G
2099 3501 2141 3542 8.
2174 3500 2220 3540 4.
2255 3498 2297 3541 5.
2329 3498 2354 3538 1
2385 3499 2428 3539 2.
2480 3520 2531 3530 -

289 3566 515 3608 aestivale
542 3566 580 3605 Γ
610 3566 655 3607 4.
691 3564 734 3606 G
762 3566 805 3605 Δ..
841 3564 891 3614 53
935 3565 1141 3606 aestuale
1171 3564 1210 3604 E
1244 3564 1284 3614 1,
1325 3574 1443 3606 corr.
1486 3560 1699 3602 aestivali
1744 3559 1785 3601 G
1817 3561 1858 3601 2.
1982 3556 2030 3610 q)
2061 3558 2215 3599 medio
2257 3557 2293 3597 Ρ
2329 3560 2369 3599 1.
2405 3556 2448 3596 G
2479 3556 2532 3606 ⁸3

287 3625 432 3666 micilo
466 3623 508 3665 G
539 3625 589 3674 23
621 3625 670 3664 in
700 3623 856 3665 medio
890 3622 932 3664 G
963 3623 1004 3665 5.
1126 3619 1165 3673 r)
1200 3622 1394 3663 meridie
1439 3617 1517 3679 (5)
1551 3619 1593 3660 A
1625 3618 1687 3661 ’2.
1721 3620 1763 3661 2.
1795 3615 1857 3658 ’8.
1901 3618 1938 3658 1³
1973 3618 2013 3659 1.
2049 3616 2092 3658 G
2122 3617 2163 3658 8.
2294 3613 2333 3668 s)
2367 3611 2532 3670 H(a)eo

287 3682 330 3723 A
364 3684 406 3725 2.
440 3681 501 3724 ’2.
535 3683 577 3726 8.
695 3680 732 3734 t)
766 3692 858 3732 quo
891 3681 945 3724 G.

294 3796 350 3864 1)
388 3794 426 3849 τ’.
453 3812 498 3849 s.
527 3811 637 3848 non
674 3795 912 3857 multum,
952 3800 1010 3846 ut
1036 3811 1080 3846 c.
1110 3796 1160 3847 6.
1187 3795 1299 3847 BE.
1334 3792 1639 3845 Rhenonem
1679 3788 2017 3856 (Ren‘nthier)
2057 3788 2266 3841 Paulus
2304 3785 2531 3841 indicat.

289 3871 349 3937 2)
392 3868 470 3937 CJ.
510 3868 682 3931 Beda,
724 3866 806 3920 De
855 3875 1007 3934 temp.
1046 3877 1150 3919 rat.
1189 3885 1232 3919 c.
1273 3868 1359 3918 29.
1400 3867 1487 3919 31.
1639 3864 1698 3933 3)
1739 3862 1847 3917 Seu
1892 3861 2169 3917 Theotonis
2206 3862 2354 3927 villa,
2393 3861 2524 3915 Die·

289 3943 553 4009 tenlaofen.
642 3941 726 3992 De
776 3941 871 3993 hoc
922 3940 1032 3992 loco
1084 3946 1252 3993 exstat
1301 3937 1601 4006 disquisitio
1651 3936 2023 3990 mathematica
2072 3936 2268 3990 comitis
2306 3934 2525 4001 Joseplu·

290 4017 356 4068 de
394 4012 649 4066 Rinaldis
685 4012 746 4065 in
781 4013 1036 4066 Raccolta
1072 4010 1362 4080 d'opuscoli
1409 4011 1678 4079 scientifici
1723 4028 1750 4065 s
1792 4010 2061 4079 filoloyici,
2114 4008 2329 4061 Venetia
2370 4006 2531 4069 1751,

291 4088 376 4151 8⁰,
417 4087 517 4138 XL
532 4086 589 4148 V,
631 4087 733 4137 127
758 4086 827 4152 ff.
939 4085 1086 4139 Unde
1134 4086 1214 4138 nil
1262 4084 1532 4149 discimus,
1584 4082 1691 4136 nisi
1747 4084 1909 4136 Pauli
1943 4083 2114 4135 ‘nostri
2173 4088 2436 4133 staturam
2476 4078 2532 4130 δ’

294 4161 405 4211 11”
470 4156 598 4210 11”’
653 4176 958 4213 mensuram
1013 4157 1361 4226 complevisse.
1401 4158 1517 4211 ΒΕ.
1664 4158 1719 4222 4)
1756 4155 1835 4223 Cf.
1880 4156 2035 4209 Beda
2073 4155 2110 4207 l.
2148 4155 2182 4206 l.
2351 4154 2410 4218 5)
2449 4151 2533 4205 De

288 4232 558 4288 Arabibus
598 4232 1018 4302 vulgatissimum
1053 4232 1219 4283 illusit

660 4307 912 4373 Ignotum
949 4306 1102 4358 vobis
1139 4303 1344 4356 Arabes
1380 4305 1605 4357 venistis
1643 4305 1697 4354 in
1739 4303 1940 4368 orbem,

663 4380 893 4432 Umbras
932 4380 1109 4431 mirati
1148 4390 1421 4430 nemorum
1460 4393 1566 4430 non
1603 4377 1681 4428 ire
1720 4378 1978 4429 sinistras.
2053 4375 2145 4426 131.
