3042 4909
438 1033 613 1083 vassas.

451 1293 489 1324 c.
513 1284 612 1325 731.

509 1864 608 1906 732.

506 2537 605 2580 ¹135.

635 420 742 471 238
927 419 1147 470 PAULI
1185 418 1535 470 HISTORIA
1571 415 2247 469 LANGOBARDORUM.
2321 417 2470 469 LIB.
2507 418 2608 468 VI.

633 588 747 651 ubi
774 596 926 651 tunc
957 585 1241 652 Walcari
1256 595 1302 667 ⁸¹,
1347 586 1633 649 Peredeo
1664 592 1727 648 et
1752 583 2058 648 Rotcarib
2101 583 2515 648 morabantur
2544 585 2616 647 in
2639 585 2910 652 castris.

634 671 763 751 Qui
828 692 1021 756 super
1080 669 1404 733 Romanos
1473 670 1834 749 inruenteS‚
1909 665 2175 731 multam
2193 679 2219 710 ⁰
2284 667 2364 732 de
2443 668 2535 731 eis
2602 678 2906 752 stragem

630 754 918 819 fecerunt
957 751 1237 838 reliquos
1285 774 1365 816 ue
1407 752 1630 837 fugam
1670 761 1887 837 petere
1931 749 2372 836 conpulerunt.

799 837 903 901 55.
991 837 1113 900 His
1156 836 1260 901 die
1310 858 1385 900 us
1418 834 1989 899 Transamundusd
2020 842 2241 897 contra
2265 856 2335 898 re
2382 858 2485 900 em
2526 834 2914 900 rebellavit.

635 920 845 1007 Super
887 942 1078 1006 quem
1121 942 1241 985 rex
1283 941 1432 983 cum
1474 920 1804 984 exercitu⁰
1846 919 2126 998 veniens,
2169 919 2193 980 i
2243 940 2311 982 se
2444 919 2916 983 ansamundus

633 1005 906 1070 Romam
946 1003 1139 1089 fugat
1187 1004 1373 1089 petiit
1393 1016 1434 1066 ¹.
1518 1001 1598 1066 In
1656 1004 1837 1066 cuius
1893 1001 2037 1066 loco
2081 1000 2193 1065 Hil
2239 1003 2492 1067 ericus&
2549 1002 2915 1067 ordinatus

636 1099 749 1153 est.
837 1090 1093 1152 Mortuo
1123 1098 1339 1152 autem
1367 1085 1726 1151 Romualdo
1768 1087 2019 1150 iuniore
2046 1085 2652 1151 Beneventanorum
2704 1086 2912 1167 duce,

679 1174 746 1235 ui
794 1172 1027 1257 viginti
1083 1181 1147 1236 et
1191 1193 1307 1235 sex
1364 1170 1668 1235 ducatum
1720 1180 2009 1236 tenuerat
2068 1171 2271 1252 annis,
2317 1168 2637 1250 Gisulfus‚
2705 1172 2908 1236 eius¹¹

633 1196 801 1321 {tilius
863 1255 1075 1319 adhuc
1131 1253 1453 1341 parvolus,
1504 1254 1831 1319 remansit.
1918 1252 2159 1318 Contra
2201 1275 2392 1339 quem
2433 1252 2634 1339 aliqui
2682 1256 2914 1318 insur-

632 1349 875 1426 gentes,
940 1361 1087 1403 eum
1150 1338 1352 1403 moliti
1418 1349 1571 1402 sunt
1630 1339 2041 1423 extinguere3
2107 1337 2222 1401 sed
2279 1336 2908 1405 Beneventanorum

631 1423 931 1510 populus,
977 1423 1088 1509 qui
1131 1422 1262 1486 suis
1308 1421 1681 1487 ductoribus
1726 1443 1979 1507 semper
2020 1419 2226 1486 fidelis
2270 1422 2499 1501 extitit,
2559 1443 2676 1485 eos
2723 1424 2910 1508 peri*

632 1517 906 1588 merunt,
966 1507 1065 1570 sui
1123 1505 1306 1570 ducis
1366 1506 1599 1569 vitami
1656 1514 1985 1570 servantes
2001 1515 2045 1567 ².
2133 1506 2265 1586 Qui
2323 1502 2612 1569 Gisulfus
2673 1504 2847 1569 dum
2867 1508 2900 1548 k

631 1589 842 1653 adhuc
866 1590 1158 1675 propter¹
1188 1598 1459 1654 aetatem
1537 1587 1801 1654 uerilem
1828 1587 2097 1652 idoneus
2126 1586 2211 1652 ad
2238 1596 2540 1652 tantumm
2562 1588 2898 1675 populum

628 1673 1022 1757 regendumn
1063 1694 1191 1737 non
1234 1682 1420 1754 esset,
1525 1672 1828 1759 iutprand
1867 1695 1985 1737 rex
2024 1671 2466 1737 Beneventum
2507 1681 2666 1737 tunc
2713 1675 2906 1738 veni-

632 1778 775 1838 ens,
833 1779 981 1821 eum
1043 1754 1274 1820 exinde
1330 1755 1593 1821 abstulit
1645 1767 1709 1821 et
1750 1766 1908 1841 aput
1947 1756 2386 1820 Beneventum
2437 1778 2625 1819 suum
2686 1780 2896 1844 nepo-

631 1851 761 1905 tem
820 1839 1206 1923 Gregorium
1262 1839 1495 1904 ducem
1551 1840 1926 1922 ordinavit,·
1960 1840 2104 1903 cui⁰
2147 1841 2216 1902 in
2265 1840 2673 1905 matrimonio
2720 1863 2902 1906 uxor

632 1926 873 1989 sociata
934 1922 1114 1988 Gisel
1164 1934 1360 2009 erga?
1403 1925 1663 1988 nomine
1718 1924 1854 1990 fuit.
1956 1923 2056 1989 Ita
2107 1945 2226 1987 rex
2273 1923 2634 2009 Liutprand
2688 1925 2896 1990 rebus

631 2009 981 2094 conpositis
1046 2029 1085 2071 a
1196 2012 1397 2071 suum'
1450 2006 1681 2071 solium
1743 2008 2082 2089 remeavit3
2166 2005 2617 2093 Gisulfiimque
2689 2031 2890 2072 suum

628 2101 928 2177 nepotem
986 2102 1254 2178 paterna
1311 2091 1549 2177 pietate
1591 2091 1909 2173 erudiens,
1961 2092 2021 2154 ei
2065 2091 2573 2176 Scaunipergam
2591 2104 2621 2145 ‘1
2679 2091 2888 2157 nobili

630 2193 833 2241 ortam
879 2177 1184 2263 progenie
1225 2176 1294 2238 in
1337 2176 1814 2240 matrimonium
1831 2187 1855 2217 ¹·
1902 2176 2134 2239 iunxit.
2218 2175 2371 2273 Ipse
2423 2196 2542 2238 rex
2599 2196 2676 2239 eo
2722 2185 2889 2240 tem-

678 2281 786 2325 ore
829 2261 899 2323 in
947 2258 1316 2345 langorem⁸
1389 2257 1713 2341 decidens,
1771 2258 1961 2322 morti
2018 2258 2546 2344 adproxlmavit‘.
2665 2260 2887 2340 Quem

627 2283 1041 2430 {angobardi
1079 2345 1261 2408 vita¹¹
1314 2343 1627 2407 excedere
1689 2342 2149 2424 existimantes,
2209 2343 2347 2405 eius
2389 2350 2696 2427 nepotem
2742 2342 2885 2406 Hil-

626 2427 1065 2513 deprandumv
1106 2427 1277 2491 foras
1320 2449 1538 2491 muros
1584 2427 1856 2490 civitatis
1900 2425 1984 2490 ad
2026 2423 2403 2490 basilicamw
2446 2433 2706 2490 sanctae
2749 2427 2884 2491 Dei

672 2512 988 2594 enetricis,
1064 2533 1228 2597 quae
1293 2511 1379 2574 ad
1439 2512 1728 2575 Perticas
1793 2509 2093 2590 dicitur1,
2156 2531 2373 2595 regem
2439 2507 2880 2576 levaverunt³.

685 2596 754 2659 ui
796 2595 954 2660 dum
997 2604 1279 2675 contum,
1337 2595 1504 2659 sicut
1546 2594 1744 2658 moris
1802 2603 1918 2675 est,
1977 2593 2318 2676 traderent,
2377 2594 2447 2656 in
2507 2593 2645 2657 eius
2706 2597 2880 2659 conti

625 2680 987 2744 summitate
1059 2677 1372 2742 cuculus?
1429 2679 1568 2741 avis
1626 2676 1948 2742 volitando
2011 2678 2277 2742 veniens
2331 2676 2587 2741 insedit.
2687 2678 2877 2742 Tunc

623 2762 945 2848 aliquibus
1010 2760 1436 2847 prudentibus
1493 2760 1615 2824 hoc
1673 2770 2011 2846 portentu²
2070 2761 2281 2824 visum
2338 2769 2435 2825 est
2489 2760 2873 2846 significari,

623 2847 760 2911 eius
803 2846 1233 2931 principatum
1275 2843 1604 2910 inutilem⁸
1631 2844 1786 2910 fore.
1872 2845 2017 2909 Rex
2059 2854 2272 2908 autem
2315 2843 2681 2930 Liutprand
2726 2867 2871 2909 cum

625 3005 670 3060 a)
699 3008 939 3048 walchari
967 3007 1005 3047 F
1039 3009 1077 3049 1.
1111 3005 1175 3056 G3
1221 3007 1416 3048 waltari
1445 3008 1487 3047 A
1518 3007 1563 3047 4.
1593 3008 1635 3046 D
1673 3010 1712 3048 1.
1746 3008 1784 3047 B
1816 3008 1859 3047 4.
1892 3007 1937 3047 H
1971 3008 2020 3056 13
2062 3007 2315 3049 waltarius
2356 3008 2400 3048 D
2434 3009 2486 3057 23
2533 3009 2729 3058 Vulgari
2758 3010 2797 3049 Β
2831 3010 2870 3051 1.

622 3066 673 3117 b)
704 3066 920 3105 Rothcari
968 3064 1008 3106 A
1041 3066 1091 3114 ὃς
1137 3065 1354 3105 Rotchari
1404 3065 1444 3106 G
1479 3068 1518 3105 1.
1557 3067 1604 3115 23
1650 3066 1861 3106 Rotthari
1893 3066 1930 3105 Ε
1966 3066 2005 3105 1.
2037 3067 2074 3105 F
2106 3068 2159 3115 13
2205 3066 2417 3106 Rotharit
2447 3066 2488 3105 A
2519 3066 2573 3115 43
2621 3067 2867 3108 Tmoteari

624 3124 661 3166 O
695 3127 735 3164 1.
768 3125 811 3164 D
848 3126 889 3164 1.
918 3125 956 3164 B
986 3125 1032 3164 4.
1065 3125 1089 3163 1
1124 3125 1173 3173 13
1216 3125 1440 3163 'Pl-uocari
1480 3125 1525 3164 D
1557 3122 1650 3166 Ἔα.
1685 3125 1725 3165 3.
1756 3125 1800 3164 4.
1836 3126 1914 3173 103
1959 3125 2212 3164 'Pruoccari
2245 3125 2281 3166 C
2315 3126 2362 3175 23
2415 3126 2718 3166 ‘frontoni-ius
2748 3128 2791 3166 D
2820 3128 2864 3165 2.

623 3182 666 3236 e)
699 3184 847 3223 multa
883 3204 930 3211 -—
967 3187 1121 3232 strage
1152 3184 1189 3222 F
1223 3185 1265 3225 1.
1297 3182 1394 3223 Gl.
1415 3184 1457 3224 2.
1547 3181 1594 3234 d)
1628 3185 1834 3224 Trasam.
1868 3183 1964 3223 Εἰ.
2055 3181 2101 3234 e)
2135 3184 2386 3224 exereitum
2417 3184 2513 3224 Fl.
2607 3182 2647 3235 s)
2677 3185 2862 3234 fugiens

619 3239 739 3284 A·3.
768 3243 819 3293 83
851 3242 1004 3292 fugire
1034 3253 1055 3281 e
1084 3253 1204 3283 corr.
1235 3241 1272 3281 F
1291 3243 1343 3291 13
1374 3243 1452 3283 Tr.
1484 3242 1646 3291 fugam
1677 3241 1776 3283 Gl.
1811 3243 1852 3282 2.
1887 3241 1957 3283 5c.
2047 3239 2096 3292 ς)
2129 3238 2332 3283 Childer.
2351 3242 2390 3283 A
2409 3244 2448 3283 2.
2537 3241 2588 3293 h)
2620 3244 2734 3282 deest
2762 3243 2863 3284 As.

618 3300 654 3354 i)
686 3302 783 3343 vita
812 3301 849 3341 F
869 3303 909 3342 1.
987 3299 1036 3352 k)
1070 3312 1174 3341 cum
1207 3301 1256 3342 C.
1288 3301 1346 3344 D.
1376 3302 1459 3343 11.
1494 3324 1549 3331 —
1580 3301 1731 3341 adhuc
1761 3301 1873 3340 deest
1906 3298 1956 3341 C.
1989 3301 2050 3342 D.
2082 3300 2134 3341 Ε.
2168 3301 2268 3342 Β4.
2300 3301 2402 3342 Η1.
2436 3301 2519 3341 11.
2595 3300 2633 3352 l)
2662 3301 2861 3351 peer.

619 3358 684 3412 m)
715 3365 890 3401 tantam
938 3360 979 3400 A
1014 3363 1051 3402 1.
1085 3361 1126 3401 2.
1173 3361 1209 3399 F
1245 3361 1285 3401 1.
1322 3358 1363 3400 G
1394 3362 1438 3401 1.
1471 3361 1513 3401 2.
1666 3358 1715 3412 n)
1748 3360 2002 3407 gerendum
2032 3357 2073 3398 A
2106 3360 2147 3399 2.
2181 3361 2219 3398 F
2253 3362 2295 3402 1.
2329 3359 2371 3400 G
2402 3361 2443 3399 1.
2477 3360 2530 3408 23
2581 3360 2696 3399 deest
2728 3361 2769 3400 A
2797 3358 2856 3400 ’8.

617 3417 664 3471 o)
698 3430 801 3460 cum
830 3419 868 3459 F
903 3423 943 3462 1.
979 3442 1032 3450 —
1064 3420 1114 3458 in
1143 3420 1254 3458 deest
1284 3419 1322 3458 A
1357 3420 1395 3459 2.
1431 3418 1474 3459 G
1506 3421 1547 3458 1.
1582 3420 1621 3458 2.
1744 3416 1793 3468 p)
1828 3417 2002 3459 Giselb.
2036 3416 2078 3457 G
2109 3419 2150 3458 2.
2185 3419 2208 3458 1
2241 3420 2290 3467 13
2323 3417 2529 3460 Gisemb.
2560 3418 2674 3468 D23
2708 3418 2858 3460 Giseb.

619 3478 653 3518 C
687 3480 728 3520 1.
759 3479 803 3518 D
837 3478 886 3528 83
919 3478 1206 3528 Gisenperga
1235 3478 1272 3517 F
1306 3479 1355 3526 13
1389 3477 1665 3528 Giselperba
1694 3476 1737 3517 A
1764 3476 1836 3526 ’ὃς
1869 3476 2120 3517 Giselbirta
2167 3476 2208 3517 G
2236 3477 2305 3518 50.
2429 3475 2476 3529 q)
2509 3477 2578 3516 eis
2608 3479 2858 3528 cuniperse

614 3537 652 3577 F
686 3539 740 3585 13
773 3537 1103 3587 Scanipergam
1134 3537 1171 3576 F
1201 3536 1260 3585 43
1303 3535 1655 3587 Scaviniiperga
1688 3535 1729 3576 G
1761 3537 1808 3585 23
1855 3534 2232 3584 Scaviuibergam
2265 3534 2307 3576 G
2337 3534 2410 3576 δι.
2432 3545 2485 3587 ος
2528 3533 2857 3586 Avimpemm

615 3594 657 3635 A
688 3593 758 3645 ’ὃς
790 3595 1133 3646 caunipergam
1164 3595 1203 3636 E
1238 3597 1287 3645 13
1321 3595 1632 3644 Ounipergam
1664 3595 1701 3634 F
1734 3594 1760 3634 5
1791 3599 1828 3634 ee
1862 3593 1903 3635 G
1936 3596 1958 3633 1
1993 3605 2013 3633 e
2042 3604 2183 3643 corr.;
2228 3594 2569 3644 chunipergam
2599 3593 2640 3634 F
2671 3591 2741 3645 ’23
2774 3595 2853 3636 Gn·

616 3654 856 3702 nibergam
885 3655 929 3694 H
963 3657 1012 3704 13
1060 3653 1366 3703 conibergam
1416 3653 1465 3695 C.
1513 3654 1576 3695 D.
1624 3654 1661 3693 B
1693 3654 1734 3693 4.
1774 3675 1827 3684 —
1873 3653 2076 3694 nobilior
2107 3656 2176 3693 est
2204 3664 2250 3702 p.
2287 3653 2329 3694 G
2361 3654 2401 3695 1.
2438 3654 2478 3693 2.
2630 3651 2672 3705 r)
2705 3655 2853 3694 matri-

615 3713 772 3752 monio
801 3713 839 3751 F
872 3710 933 3755 ’2.
965 3715 1009 3754 4.
1045 3712 1099 3755 G.
1219 3710 1258 3762 s)
1286 3713 1350 3752 ita
1381 3712 1415 3754 C
1451 3714 1490 3752 1.
1519 3712 1558 3752 F
1593 3715 1635 3753 1.
1670 3711 1710 3752 G
1744 3714 1787 3752 1.
1922 3708 1959 3762 t)
1990 3712 2214 3761 sequentia
2244 3712 2396 3751 desunt
2417 3711 2533 3760 solio
2565 3712 2709 3751 evulso
2740 3713 2779 3752 A
2808 3714 2851 3752 4.

613 3767 664 3821 u)
697 3770 837 3810 vitam
868 3772 906 3809 F
940 3773 980 3812 1.
1015 3771 1058 3813 G
1091 3774 1132 3814 1.
1168 3792 1218 3800 —
1254 3771 1533 3812 excederent
1563 3781 1638 3811 ex.
1671 3772 1716 3811 ei
1744 3771 1781 3810 F
1815 3772 1855 3815 1.
1987 3768 2034 3821 v)
2066 3770 2238 3819 Ildepr.
2269 3770 2307 3810 F
2339 3772 2380 3810 1.
2416 3769 2458 3811 G
2491 3773 2540 3819 13
2572 3770 2685 3820 Ilpr.
2719 3770 2760 3810 A
2790 3769 2846 3811 ·8.

613 3829 676 3884 w)
708 3829 766 3868 ad
796 3839 836 3869 s.
868 3830 929 3870 D.
963 3841 1006 3879 g.
1038 3830 1282 3871 ecclesiam
1313 3831 1364 3872 Ο.
1396 3829 1456 3870 D.
1475 3830 1512 3869 B
1531 3830 1583 3879 43
1614 3829 1674 3868 ad
1703 3829 1944 3869 basilicam
1975 3839 2012 3869 s.
2042 3828 2100 3870 D.
2132 3839 2176 3879 g.
2211 3829 2459 3870 ecelesiam
2489 3829 2573 3869 11.
2667 3825 2717 3878 x)
2745 3830 2849 3869 desse

613 3885 715 3929 As.
751 3909 803 3918 --
835 3898 992 3936 regem
1021 3889 1133 3928 deest
1167 3887 1201 3928 C
1223 3891 1261 3928 1.
1382 3886 1430 3940 y)
1463 3887 1685 3937 gucculus
1715 3887 1817 3929 As.
1940 3884 1983 3938 z)
2015 3887 2079 3926 ita
2109 3887 2150 3927 A
2177 3889 2215 3928 1.
2246 3889 2285 3928 B
2316 3888 2355 3929 2.
2391 3888 2430 3928 E
2451 3889 2488 3928 1.
2519 3886 2618 3926 Γ1.
2654 3886 2842 3937 cel—43

611 3948 877 3995 portentum
908 3947 950 3987 A
983 3949 1023 3988 2.
1058 3947 1103 3987 3.
1134 3947 1172 3986 F
1204 3944 1276 3995 '23
1308 3950 1521 3996 portento
1551 3947 1611 3988 D.
1644 3947 1669 3987 1
1702 3948 1742 3998 1,
1773 3946 1875 3995 αιιϊς
1905 3946 2129 3995 portende
2162 3946 2197 3986 C
2232 3948 2271 3989 1.
2394 3946 2443 3998 a)
2472 3945 2643 3986 inutile
2676 3945 2775 3988 Gl.
2804 3949 2841 3987 2.

616 4074 672 4142 1)
714 4075 795 4143 (ff.
853 4077 916 4128 G.
959 4085 1115 4143 pont.
1164 4075 1318 4142 Greq.
1370 4076 1454 4128 II.
1503 4085 1553 4129 et
1589 4076 1818 4130 Zachar.
1967 4074 2025 4143 2)
2063 4077 2197 4128 Dux
2233 4075 2454 4130 Adelais
2500 4083 2687 4128 contra
2731 4093 2841 4128 eum

610 4150 845 4201 elevatus
882 4158 988 4212 est,·
1017 4150 1086 4215 ef.
1127 4146 1318 4202 Chron.
1344 4146 1402 4201 S.
1434 4149 1635 4201 Bened.
1660 4150 1836 4212 C'ass.‚·
1873 4149 2071 4202 Hirselz
2095 4167 2161 4215 p.
2189 4151 2277 4200 36.
2426 4150 2483 4213 3)
2522 4150 2611 4200 Ex
2649 4148 2839 4200 chartis

600 4222 1004 4288 praeceptisque
1041 4229 1298 4285 constare,
1337 4221 1632 4274 electionem
1667 4223 2032 4289 Hildeprandi
2057 4220 2414 4288 praecessisse
2449 4222 2840 4275 Transamundi

610 4293 897 4359 rebellioni,
935 4294 1168 4346 Paulum
1203 4294 1370 4362 iqitur
1408 4296 1503 4346 hoc
1542 4296 1711 4361 eapite
1740 4312 1823 4348 res
1856 4304 2031 4363 ,qestas
2069 4297 2289 4361 confuso
2329 4303 2618 4364 temporam
2656 4296 2836 4348 ordine

610 4364 914 4430 tradidisse,
949 4367 1150 4418 monuit
1186 4368 1281 4418 131.
