3042 4909
526 408 748 461 PAULI
786 407 1132 461 HISTORIA
1170 407 1844 463 LANGOBARDORUM.
1919 409 2062 461 LIB.
2099 409 2145 461 1.
2383 410 2448 461 73

227 574 688 641 Iustinianum⁸
753 572 1063 661 appellari
1127 576 1473 662 praecepit.
1589 576 1993 662 Rursumque
2057 575 2453 661 singulorum

228 659 731 746 magistratuumb
790 659 928 724 sive
985 656 1272 723 iudicum
1316 657 1508 745 leges,
1554 680 1718 747 quae
1762 681 1966 746 usque
1997 659 2081 723 ad
2124 659 2251 724 duo
2282 659 2455 726 milia

228 765 382 830 pene
447 741 643 809 libros
709 752 889 808 erant
961 750 1280 825 extensae,
1344 742 1550 809 intra⁰
1623 742 2083 829 quinquaginta
2145 741 2454 809 librorum

226 848 552 893 numerum
595 825 746 892 rede
798 826 871 909 ἰ,
916 847 1189 911 eumque
1234 825 1517 893 codicem
1569 825 1965 911 digestorum
2008 827 2140 892 sive
2183 827 2455 912 pandec-

230 912 462 977 tarum*
511 911 715 977 vocab
788 931 825 975 o
869 911 1291 1010 nuncupavit.
1380 910 1696 991 Quattuor
1753 909 1947 975 etiam
1989 910 2457 977 institutionum

227 992 435 1077 libros,
501 995 570 1058 in
633 994 867 1080 quibus
922 994 1202 1060 brevlter
1254 994 1693 1060 universarum
1756 992 1971 1078 legum
2031 1004 2246 1061 textus
2310 1016 2456 1060 con-

226 1077 656 1177 prehenditur,
709 1078 956 1144 noviter
998 1079 1356 1165 conposuit.
1441 1078 1658 1144 Novas
1705 1099 1959 1164 quoque
2001 1076 2194 1164 leges,
2299 1091 2455 1145 uas⁰

223 1183 353 1248 ipse
385 1169 712 1245 statuerat,
754 1162 823 1225 in
851 1183 1049 1226 unum
1093 1159 1427 1227 volumen?
1473 1160 1824 1243 redactasss,
1871 1161 2141 1228 eodem¹¹
2173 1184 2247 1227 co
2296 1163 2456 1229 icem

225 1243 561 1311 novellami
603 1245 961 1331 nuncupari
989 1246 1280 1311 sancivit.
1346 1235 1657 1311 Extruxit
1730 1266 1941 1345 uoque
1970 1246 2142 1311 idem
2162 1248 2458 1333 princeps

224 1330 382 1395 intra
424 1331 650 1395 urbem
693 1328 1110 1396 Constantino
1160 1329 1358 1395 olimk
1390 1329 1646 1396 Christo
1737 1351 1968 1412 omino,
2058 1330 2125 1394 ui
2155 1341 2253 1397 est
2293 1331 2459 1416 sapi-

224 1413 415 1478 entia¹
480 1412 605 1478 Dei
665 1414 885 1500 patris,
951 1352 1280 1501 tempium,
1350 1413 1523 1500 quod
1592 1412 1799 1478 Greco
1864 1352 2178 1479 vocatbulo
2243 1412 2456 1501 Agian

224 1496 530 1582 Sophian,
574 1495 643 1561 id
673 1507 772 1563 est
814 1508 1100 1563 sanctam
1144 1520 1216 1562 sa
1261 1498 1545 1580 ientiam,
1587 1497 1962 1562 nominavit.
2050 1497 2250 1563 Cuius
2294 1519 2456 1585 opus

221 1580 376 1646 adeo
420 1591 650 1646 cuncta
690 1579 982 1646 aedificia
1041 1603 1198 1647 exce
1246 1581 1325 1664 it,
1387 1591 1460 1647 ut
1523 1582 1591 1645 in
1654 1582 1803 1646 totis
1867 1591 2179 1647 terrarum
2236 1583 2458 1669 spatiis

223 1664 423 1729 huicm
471 1662 674 1730 simile
738 1686 869 1730 non
909 1666 1111 1751 possit
1151 1665 1439 1732 inveniri.
1547 1664 1706 1730 Erat
1769 1666 1941 1731 enim
2004 1665 2109 1729 hic
2162 1666 2458 1752 princeps

222 1747 344 1813 fide
389 1746 762 1832 catholicus,
805 1750 874 1813 in
905 1749 1202 1835 operibus
1233 1757 1463 1832 rectus,
1508 1749 1578 1813 in
1605 1748 1860 1814 iudiciis
1903 1750 2141 1832 iustus3
2185 1749 2330 1816 ideo
2378 1771 2458 1816 ue

221 1833 276 1899 ei
319 1832 535 1898 omnia
598 1833 1060 1898 concurrebant
1121 1833 1188 1897 in
1229 1833 1488 1899 bonum.
1598 1832 1807 1897 Huius
1865 1833 2260 1920 temporibus
2362 1856 2459 1899 as·

221 1915 510 1982 siodorus
565 1925 724 2003 aput
783 1916 1008 1983 urbem
1070 1916 1389 1982 Romam¹²
1454 1927 1586 1983 tam
1658 1915 1929 1983 seculari
1988 1939 2180 2004 quam
2244 1917 2460 1983 divina

221 2000 486 2066 scientia
536 1998 778 2064 claruit.
865 2000 995 2083 Qui
1057 2001 1224 2066 inter
1273 2011 1483 2067 cetera
1498 2013 1527 2048 ⁰
1578 2022 1741 2100 quae
1803 1999 2101 2067 nobiliter
2160 2001 2411 2088 scripsit
2429 2013 2457 2056 Ρ

219 2083 610 2171 psalmorum
652 2084 998 2171 praecipue
1050 2083 1302 2150 occulta
1364 2085 1797 2171 potentissime
1816 2097 1846 2138 ‘1
1897 2085 2221 2172 reseravit.
2328 2085 2457 2150 Hic

220 2168 514 2254 primitus
547 2166 787 2251 consul,
831 2167 1061 2234 deinde
1105 2179 1360 2235 senator
1375 2180 1416 2247 Γ,
1475 2167 1558 2233 ad
1611 2178 2004 2267 postremum
2045 2189 2198 2233 vero
2241 2190 2458 2234 mona·

222 2251 409 2318 chus³
473 2252 733 2318 exstitit.
807 2252 954 2317 Hoc
996 2254 1189 2318 etiam
1231 2260 1517 2338 tempore
1556 2241 1922 2316 D1onisius‘²
1979 2249 2148 2317 abba
2188 2252 2257 2315 in
2299 2251 2459 2318 urbe
2487 2247 2722 2336 Ἐκῇιειω

218 2335 423 2401 Roma
466 2336 843 2402 constitutus
884 2335 1138 2423 pascale
1154 2348 1184 2380 ¹¹
1227 2335 1540 2400 calculum
1583 2334 1872 2400 miranda
1912 2336 2462 2420 argumentatione

220 2420 619 2507 conposuit1.
705 2420 889 2485 Tunc
936 2441 1191 2519 quoque
1233 2429 1392 2506 aput
1437 2416 2051 2504 Constantinopolim
2094 2418 2458 2484 Priscianus

220 2503 654 2570 Caesariensis
773 2513 1086 2571 amatlcae
1150 2505 1325 2586 artis,
1389 2513 1461 2569 ut
1502 2504 1595 2567 ita
1658 2502 1951 2585 dixerim,
2017 2503 2336 2588 profunda
2375 2505 2458 2568 ri-

216 2596 424 2653 matus
469 2595 583 2653 est.
726 2608 978 2675 unoque
996 2600 1024 2631 v
1054 2587 1465 2653 nihilominus
1493 2588 1747 2669 Arator,
1777 2587 2104 2652 Romanae
2148 2586 2457 2653 ecclesiae

219 2671 674 2753 subdiaconus,
737 2681 929 2759 poeta
992 2670 1320 2755 mirabilis,
1395 2670 1831 2759 apostolorum
1908 2680 2090 2737 actus
2160 2671 2456 2738 versibus

214 2756 560 2821 exametris
604 2756 893 2821 exaravit
907 2768 969 2820 W.

383 2840 484 2906 26.
570 2838 776 2904 Hism
799 2861 926 2926 quo
973 2861 1054 2905 ue
1083 2838 1309 2905 diebus
1337 2838 1740 2906 beatissimus
1769 2838 2157 2905 Benedictus
2186 2847 2368 2926 pater
2395 2849 2459 2907 et

211 2924 395 3011 prius
436 2924 504 2988 in
545 2922 685 2988 loco
754 2924 863 3010 qui
907 2862 1220 2989 Squblacus
1236 2933 1329 2979 Μ’
1374 2922 1663 3007 *dicitur,
1729 2923 1840 3010 qui
1902 2922 1984 2989 ab
2049 2924 2209 2989 urbe
2251 2924 2549 2994 Roma·1›.
2564 2941 2635 2983 ⁶¹·-

212 3086 258 3141 a)
291 3088 542 3128 Iustiniani
585 3086 627 3127 A
658 3087 701 3128 8.
748 3087 790 3127 D
823 3082 887 3129 ’8.
921 3086 961 3127 8.
995 3086 1038 3128 5.
1071 3087 1112 3129 9.
1163 3087 1200 3127 F
1234 3086 1286 3137 83
1347 3086 1687 3128 Iustinianeum
1731 3086 1773 3127 D
1808 3087 1847 3127 8.
1897 3085 1939 3127 G
1968 3086 2046 3138 5c3
2106 3087 2218 3128 desse
2263 3086 2304 3127 A
2336 3087 2379 3129 5.
2413 3088 2456 3129 6.

212 3144 260 3198 b)
295 3147 591 3196 magistratus
636 3146 674 3186 F
709 3147 757 3196 ¹3
808 3148 1125 3196 magistratum
1157 3144 1199 3186 G
1233 3147 1272 3188 1.
1406 3144 1448 3197 e)
1483 3146 1595 3185 deese
1638 3146 1672 3186 O
1708 3147 1748 3187 1.
1783 3147 1823 3186 2.
1866 3146 1910 3185 D
1945 3148 2014 3187 la.
2049 3146 2091 3188 8.
2210 3144 2256 3197 (1)
2290 3146 2459 3197 pande·

211 3210 366 3248 tarum
397 3206 436 3246 E
471 3206 514 3246 1.
556 3206 593 3245 F
628 3207 667 3245 1.
702 3205 740 3248 8.
793 3203 835 3245 G
867 3208 907 3248 1.
939 3206 980 3247 8.
1014 3201 1076 3245 ’8.
1123 3205 1165 3248 8.
1200 3205 1250 3254 43
1291 3206 1597 3255 pandotarum
1641 3203 1682 3244 G
1713 3203 1793 3254 5a3
1836 3205 2166 3255 pandactarum
2196 3206 2233 3244 F
2267 3207 2317 3256 83
2348 3216 2458 3256 pan·

212 3266 448 3306 dattarum
478 3264 515 3303 F
548 3264 589 3305 5.
710 3261 754 3316 e)
788 3263 951 3305 desseB
970 3265 1011 3305 1.
1131 3261 1167 3316 f)
1200 3264 1439 3306 volumine
1468 3263 1505 3304 F
1527 3266 1566 3305 1.
1690 3261 1737 3314 g)
1771 3262 1982 3304 reductas
2017 3262 2213 3313 (ii-43
2246 3265 2458 3306 redactos

214 3324 257 3365 D
293 3326 345 3374 13
379 3322 576 3364 redactis
611 3322 651 3363 G
682 3319 747 3364 ’5.
781 3323 849 3365 5c.
884 3322 920 3363 G
968 3322 1105 3372 Neap.
1225 3320 1274 3375 h)
1307 3322 1370 3362 ica
1401 3323 1440 3364 A
1475 3324 1515 3365 1.
1558 3318 1618 3363 ’8.
1655 3322 1695 3365 8.
1727 3321 1767 3361 3.
1800 3322 1839 3362 Β
1872 3324 1912 3367 1.
1947 3321 2041 3364 01.
2071 3322 2114 3361 D
2138 3324 2178 3365 1.
2210 3323 2248 3362 Ε
2283 3325 2323 3363 1.
2356 3324 2457 3364 Fi.

215 3382 258 3424 G
294 3384 334 3424 1.
369 3378 431 3423 ’8.
466 3382 525 3431 8;
559 3391 757 3431 eumque
791 3380 831 3422 G
862 3382 915 3432 23
947 3382 1144 3422 eundem
1175 3392 1196 3421 s
1233 3392 1349 3421 corr.
1380 3382 1439 3432 D,
1482 3380 1577 3433 alii,
1626 3379 1680 3420 G.
1711 3380 1850 3430 Neap.
1982 3377 2016 3432 i)
2051 3381 2236 3421 novella
2267 3381 2302 3422 O
2338 3385 2380 3423 1.
2415 3383 2456 3422 2.

209 3442 255 3482 D
292 3443 335 3482 1.
390 3440 623 3481 nobellum
675 3439 715 3481 G
747 3436 822 3489 ‘83
869 3441 1023 3490 legem
1067 3441 1300 3482 novellam
1348 3438 1389 3480 G
1419 3436 1482 3483 ’5.
1515 3439 1589 3480 ab.
1622 3450 1660 3480 c.
1811 3437 1860 3490 k)
1893 3439 2299 3490 Constantinopoli
2348 3440 2385 3481 F
2418 3442 2457 3480 1.

209 3498 246 3553 l)
282 3499 563 3550 sapientiam
581 3499 618 3539 F
638 3502 676 3540 1.
770 3496 833 3551 m)
865 3499 978 3540 illuc
1011 3495 1068 3552 (P)
1102 3499 1299 3540 similem
1329 3510 1441 3542 corr.
1475 3497 1583 3539 huic
1614 3497 1767 3538 simile
1797 3498 1834 3538 F
1853 3500 1895 3538 1.
1987 3496 2036 3549 n)
2066 3495 2460 3540 RomanamA‘S.

213 3556 263 3611 o)
298 3558 476 3599 cethei-i
520 3556 562 3598 A
594 3559 635 3599 1.
689 3580 737 3589 —
791 3568 927 3607 quem
958 3556 1000 3598 A
1032 3558 1074 3598 8.
1224 3555 1272 3609 p)
1306 3558 1580 3608 conscripsit
1612 3555 1653 3597 G
1685 3558 1725 3596 1.
1761 3556 1803 3596 8.
1835 3553 1896 3597 ’8.
1928 3556 1970 3598 8.
2122 3554 2168 3607 q)
2200 3557 2311 3596 deest
2341 3559 2384 3597 D
2417 3557 2459 3597 2.

212 3616 255 3669 r)
292 3620 484 3658 sanator
544 3615 585 3656 A
617 3617 666 3667 23
737 3616 867 3657 salva
929 3616 964 3658 C
998 3616 1038 3659 8.
1102 3614 1143 3656 G
1174 3616 1245 3657 8a.
1422 3613 1461 3667 s)
1496 3616 1772 3656 monachum
1833 3616 1870 3655 F
1902 3618 1943 3658 1.
2103 3612 2138 3666 t)
2171 3615 2310 3659 Diun.
2345 3614 2386 3657 G
2418 3617 2458 3656 1.

212 3674 1209 3729 u)itaAl.BS.F8.8.43paschale
1250 3670 2050 3716 A‘2.2.8.6.131.01.2.3.
2093 3674 2153 3714 D.
2197 3671 2460 3716 FLGI.

214 3735 257 3778 8.
291 3732 356 3778 ’8.
389 3733 462 3775 5a.
494 3734 518 3774 1
549 3734 599 3783 35
631 3734 864 3784 pascalem
894 3735 931 3774 F
964 3733 1006 3776 5.
1042 3733 1084 3774 G
1113 3734 1156 3777 8.
1186 3734 1231 3776 4.
1263 3733 1339 3783 503
1371 3733 1637 3784 paschalem
1668 3733 1760 3776 alii.
1880 3731 1926 3784 v)
1959 3734 2091 3773 Tunc
2121 3743 2305 3783 quoque
2336 3731 2378 3773 A
2398 3731 2461 3773 2?

213 3795 254 3835 B
292 3796 338 3836 1.
371 3792 411 3834 G
443 3793 486 3846 8,
517 3792 620 3844 αῑιῖς
651 3793 783 3834 'runc
813 3791 848 3835 0
879 3790 941 3834 ’1.
977 3793 1018 3836 1.
1051 3793 1093 3833 D
1112 3794 1152 3835 1.
1270 3791 1332 3843 w)
1363 3802 1437 3843 ap.
1459 3814 1510 3823 —
1529 3792 1738 3833 exaravit
1767 3792 1855 3833 doe.
1890 3791 1931 3834 G
1963 3793 2004 3833 8.
2126 3789 2174 3843 x)
2207 3793 2359 3833 varias
2387 3792 2463 3832 lee-

216 3852 361 3894 es'onss
389 3852 578 3893 codicum
611 3850 917 3901 aninsmum,
949 3852 1217 3903 aliorumque
1248 3852 1324 3902 qui
1352 3851 1526 3903 είπριιῐα
1556 3851 1772 3892 continent
1804 3851 1999 3892 carmina
2032 3849 2180 3904 (Arcto.
2213 3851 2265 3899 X,
2292 3862 2339 3902 p.
2361 3851 2460 3900 889,

219 3912 362 3953 adde:
399 3908 472 3962 14)
508 3911 854 3951 Laurentianum
884 3911 926 3951 X
934 3911 1004 3960 VI,
1038 3912 1110 3955 88.
1141 3922 1177 3952 s.
1207 3910 1286 3953 XI.
1319 3911 1426 3961 inem
1470 3908 1544 3962 15)
1592 3910 1921 3950 ottobonioaum
1962 3910 2063 3962 477,
2120 3920 2158 3949 s.
2187 3908 2297 3962 XII)
2353 3910 2460 3951 indi-

215 3971 436 4011 cavimusz
470 3968 651 4022 Εᾰβεόο)
683 3970 725 4012 1.
844 3969 892 4023 y)
924 3969 1127 4012 sublacu
1175 3968 1210 4011 O
1251 3966 1314 4013 ’1.
1350 3971 1373 4010 1
1417 3969 1551 4023 (corr.
1581 3966 1836 4020 Sublacus).
1879 3970 1921 4010 D
1965 3970 2005 4010 1.
2049 3970 2086 4009 F
2121 3970 2160 4010 l.
2194 3969 2236 4011 8.
2272 3968 2314 4009 G
2344 3970 2387 4010 1.
2422 3970 2461 4012 8.

219 4026 283 4071 ’8.
319 4032 370 4080 4;
402 4028 603 4070 Sublaco
636 4027 677 4069 G
709 4027 782 4071 5b.

226 4158 283 4227 1)
328 4159 412 4228 (ff.
449 4159 623 4224 Beda,
669 4175 823 4227 quem
861 4166 1037 4213 tamen
1074 4158 1168 4212 hoo
1206 4160 1315 4211 loco
1356 4176 1391 4210 a
1427 4159 1602 4212 Paulo
1642 4157 1961 4226 exscriptum
1998 4158 2089 4210 vix
2128 4156 2459 4211 crediderim.

221 4231 284 4300 2)
332 4233 481 4298 Quae
520 4233 614 4285 hoc
651 4249 772 4299 cop.
812 4232 1139 4285 continentur
1162 4232 1282 4300 jam
1332 4240 1453 4286 ante
1491 4232 1970 4301 Langobardorum
2006 4230 2281 4285 historiam
2307 4247 2459 4298 sepo·

218 4306 388 4360 ratim
413 4305 580 4361 edidit
605 4303 846 4368 Paulum
885 4321 1052 4373 eaque
1078 4321 1143 4358 cx
1181 4305 1333 4358 codd.
1357 4303 1727 4358 casinensibus
1766 4305 1997 4373 imprimi
2007 4305 2142 4372 fecit
2159 4304 2459 4359 Bethmarm

214 4378 387 4435 Arch.
426 4380 494 4446 X,
520 4395 585 4446 p.
624 4378 731 4431 325
770 4396 880 4446 sqq.
1031 4380 1089 4447 3)
1127 4377 1375 4431 Subiaco.
