3042 4909
473 396 693 448 PAULI
735 396 1082 448 HISTORIA
1119 396 1796 449 LANGOBARDORUM.
1872 397 2015 449 LIB.
2052 399 2147 449 IV.
2360 399 2460 448 173

214 565 349 631 vita
412 563 797 643 decedente,
866 564 1173 627 suecessit
1228 563 1295 625 in
1348 560 1489 626 loco
1552 565 1689 627 eius
1734 562 2258 645 Constantinusa,
2322 587 2460 650 ger-

211 669 442 712 manus
498 646 819 728 eiusdem,
871 644 1076 710 aliusb
1132 643 1298 709 filius
1343 645 1623 710 Heraclii
1646 658 1690 728 ⁰,
1735 647 2075 733 imperavit
2121 648 2242 713 ued
2287 671 2458 713 men-

214 732 393 797 sibus
425 753 559 796 sex.
647 730 794 794 Hoo
833 729 1023 794 etiam
1065 740 1333 809 mortuo,
1377 728 1832 794 Constantinus
1848 742 1891 812 θ,
1938 732 2073 797 eius
2123 754 2224 796 em
2270 730 2455 815 filius,

211 815 298 879 ad
339 815 523 902 regni
566 814 940 900 dignitatem
991 812 1316 878 ascenditf
1377 815 1707 901 tenuitque
1769 836 2037 900 regnum
2081 815 2265 880 annis
2312 825 2455 881 oeto

212 909 317 965 etss
360 900 424 962 vi
476 898 605 963 ‘nti.

471 1030 484 1046 .
574 980 765 1045 Cirea
805 979 962 1045 haee
1007 989 1297 1067 tempora
1338 981 1509 1066 regis
1541 982 1880 1045 Persartun
1926 982 2164 1046 coniux
2198 983 2455 1049 nomine
2477 1006 2571 1062 (52)

211 1064 459 1130 Cesara
487 1064 567 1130 de
594 1064 901 1129 Persideh
934 1064 1172 1146 exiens,
1219 1086 1362 1127 oum
1392 1066 1619 1149 paucis
1662 1066 1793 1129 suis
1836 1063 2132 1131 fidelibus
2175 1066 2455 1152 privatoi

212 1148 441 1215 habitu
482 1156 744 1234 propter
803 1147 1229 1212 christianaek
1284 1146 1433 1213 fidei
1492 1170 1776 1213 amorem
1841 1147 2456 1235 Constantinopolim

208 1233 408 1298 venit.
496 1232 679 1313 Quae
723 1232 805 1297 ab
870 1232 1284 1316 imperatore¹
1349 1231 1695 1296 honorifice
1762 1242 2077 1318 suscepta,
2141 1243 2286 1317 post
2348 1233 2457 1297 ali-

213 1315 447 1402 quodm
514 1315 668 1397 dies,
733 1323 805 1378 ut
868 1315 1302 1396 desiderabat,
1386 1315 1779 1402 baptismum
1844 1327 2184 1382 consecuta
2247 1328 2311 1382 et
2371 1315 2455 1381 ab

210 1407 532 1485 augustan
563 1399 642 1463 de
672 1420 854 1463 sacro
896 1398 1068 1463 fonte
1112 1397 1320 1463 levata
1349 1408 1463 1463 est.
1551 1399 1783 1481 Quod⁰
1811 1400 1908 1463 vir
1937 1401 2072 1464 eius
2114 1402 2457 1465 Persarum

210 1506 333 1548 rex
373 1482 669 1564 audiens,
723 1481 968 1568 legatos
1015 1481 1431 1546 Constantino
1483 1482 1634 1547 olim
1680 1483 1762 1547 ad
1812 1494 2154 1569 augustum
2200 1483 2454 1567 direxit,

213 1574 529 1653 quatenus
574 1566 782 1631 eidem
807 1588 987 1630 suam
1016 1588 1285 1631 uxorem
1316 1504 1628 1632 redderet.
1696 1567 1865 1648 Quip
1897 1567 1979 1631 ad
2008 1568 2455 1654 imperatorem

211 1651 539 1716 venientes
557 1663 604 1733 (1,
647 1648 846 1714 verba
901 1650 1072 1735 regis
1123 1651 1462 1715 Persarum
1512 1652 1825 1731 nuntiant,
1871 1651 1981 1736 qui
2026 1672 2206 1715 suam
2248 1653 2458 1751 requi-

208 1734 431 1800 rebat‘
493 1734 800 1819 reginam.
907 1734 1264 1820 Imperator
1325 1731 1486 1799 haee
1550 1733 1815 1799 audiens
1880 1756 2143 1821 remque
2199 1756 2456 1800 omnmo

212 1818 551 1902 ignorans,
597 1818 722 1882 eis⁸
767 1839 1147 1903 responsum
1187 1817 1466 1883 reddidit
1494 1817 1742 1882 dicens:
1821 1816 1943 1883 ‘De
1972 1819 2213 1904 regina,
2262 1840 2456 1904 quam

260 1902 536 1984 uaerifis,
595 1900 870 1966 fatemur
924 1923 1040 1965 nos
1093 1899 1251 1965 nihil
1300 1902 1513 1984 sciret,
1557 1912 1810 1989 praeter
1851 1901 2024 1988 quod
2063 1902 2148 1967 ad
2190 1925 2308 1966 nos
2350 1903 2456 1968 hie

279 1985 432 2071 iqua
460 1983 686 2050 mulier
713 1986 963 2071 privato
1007 1983 1231 2050 habitu
1260 1985 1558 2050 advenit'.
1641 1986 1869 2071 Legati
1917 2007 2070 2050 vero
2113 1986 2458 2073 responde-

210 2078 361 2134 runt
389 2069 702 2134 dieentes:
748 2069 840 2134 ‘Si
904 2066 1115 2154 placet
1175 2076 1387 2133 vestro
1455 2071 1846 2155 conspectui,
1910 2068 2225 2133 velimusu
2291 2069 2455 2135 hane

214 2174 408 2238 quam
453 2152 665 2218 dicitis
707 2150 1086 2216 mulieremv
1128 2151 1383 2217 videre'.
1465 2153 1649 2233 Quae
1715 2174 1862 2215 eum
1904 2153 2136 2216 iussuw
2186 2153 2456 2239 impera-

210 2238 369 2301 toris
398 2236 780 2319 advenisset,
825 2248 1020 2299 mox't
1051 2257 1192 2299 eam
1220 2234 1279 2299 le
1327 2235 1415 2299 ati
1445 2236 1862 2334 conspiciunt,
1895 2234 1978 2298 ad
2009 2236 2145 2299 eius
2186 2236 2458 2322 vestigia

210 2317 721 2405 provulvunturY
766 2320 951 2404 eique
993 2317 1297 2383 venerabi
1323 2320 1458 2401 iter,
1505 2331 1696 2405 qula²
1728 2341 1869 2383 eam
1914 2340 2068 2383 suus
2109 2320 2209 2384 vir
2249 2322 2457 2419 requi-

212 2412 457 2485 rereta,
523 2412 893 2489 suggerunt.
1003 2402 1256 2483 Quibus
1312 2401 1421 2465 illa
1475 2402 1835 2489 respondit:
1901 2403 2034 2479 ‘Ite‚
2100 2413 2455 2468 renuntlate

214 2488 357 2572 regi
399 2497 609 2552 vestro
655 2496 718 2553 et
759 2486 1039 2567 dominO,
1131 2487 1264 2568 uia,
1313 2486 1471 2569 nisi,
1517 2487 1679 2551 sieut
1721 2507 1840 2571 ego
1884 2485 2015 2549 iam
2059 2486 2321 2566 credidi,
2367 2486 2457 2552 ita

216 2580 282 2637 et
330 2571 468 2657 ipse
510 2571 577 2634 in
607 2569 934 2635 Christum
978 2592 1084 2635 ere
1130 2570 1338 2653 iderit,
1380 2592 1482 2634 me
1519 2570 1647 2634 iam
1679 2569 1846 2634 ultra
1888 2581 2246 2634 consortem
2288 2570 2456 2634 thori

212 2652 491 2720 habereb
555 2675 684 2718 non
736 2654 1008 2740 poterit'.
1110 2653 1286 2735 Quid
1348 2652 1593 2718 multa‘?
1634 2653 1898 2719 Reversi
1953 2652 2149 2738 legati
2206 2654 2289 2718 ad
2393 2676 2456 2718 a·

212 2739 431 2819 triam,
498 2739 795 2803 universa
852 2758 1018 2823 quae
1074 2736 1410 2802 audierant
1452 2759 1568 2802 suo
1584 2749 1609 2781 ⁰
1664 2739 1801 2836 regi
1857 2737 2237 2802 renuntiant.
2389 2737 2457 2801 ui

212 2820 375 2886 nihil
418 2832 719 2903 moratus,
764 2843 913 2885 oum
942 2822 1319 2907 sexaginta<¹
1348 2820 1605 2887 milibus
1648 2824 1806 2886 vins
1838 2821 2255 2886 Constantino
2307 2820 2456 2885 olim

210 2905 481 2994 pacifice
524 2906 607 2970 ad
649 2906 1097 2991 imperatorem
1139 2906 1333 2988 venit,
1374 2928 1414 2970 a
1458 2927 1586 2992 quo
1630 2914 1954 2991 gratanter
1980 2915 2044 2971 et
2083 2907 2234 2971 satis
2313 2906 2458 2991 ‘gne

214 2998 552 3076 susceptus
604 2999 718 3053 est.
805 2989 935 3070 Qui
990 3010 1134 3053 oum
1191 2989 1501 3054 universis
1562 2988 1889 3056 Christum
1952 2988 2283 3053 dominum
2325 3011 2456 3053 ere-

214 3073 392 3156 dens,
436 3073 675 3158 pariter
718 3084 906 3136 eum0
954 3071 1247 3137 omnibus
1292 3074 1456 3138 saeri
1499 3072 1585 3138 ba
1632 3075 1901 3139 tismatis
1945 3073 2118 3137 unda
2207 3073 2456 3138 erfusus

214 3167 279 3223 et
335 3158 417 3223 ab
460 3166 732 3241 augusto
786 3156 866 3220 de
908 3156 1080 3221 fonte
1121 3154 1401 3239 levatus,
1474 3167 1578 3222 eat
1623 3156 1786 3222 olioa
1856 3156 1984 3221 fide
2042 3178 2163 3222 eon
2210 3166 2453 3222 rmatus

213 3250 342 3323 est3
415 3239 759 3326 multisque
818 3239 1189 3305 muneribus
1259 3241 1341 3306 ab
1410 3262 1493 3304 au
1543 3251 1685 3305 usto
1752 3241 2131 3321 honoratus,
2196 3262 2347 3306 acce
2393 3248 2460 3304 ta

214 3346 333 3389 sua
377 3327 666 3409 coniuge,
730 3322 932 3389 laetus
983 3333 1047 3388 et
1101 3323 1389 3409 gaudens
1446 3263 1541 3388 aff
1588 3346 1769 3388 suam
1787 3325 1809 3368 ¹⁹
1850 3324 2124 3410 patriam
2187 3346 2341 3409 repe
2371 3344 2460 3391 a·

216 3539 263 3593 a)
298 3541 451 3585 Const.
491 3561 533 3572 -—
586 3545 763 3582 mortuo
810 3542 897 3584 des.
930 3542 966 3581 Ε
1003 3543 1042 3583 1.
1193 3538 1240 3591 b)
1276 3541 1394 3580 alias
1445 3561 1497 3572 -
1544 3540 1752 3580 eiusdem
1794 3539 1881 3580 dee.
1911 3539 1954 3579 D
1989 3540 2028 3590 1,
2060 3538 2134 3577 ubi
2163 3549 2279 3577 corr.
2312 3538 2456 3588 suppl.

215 3601 336 3641 alius
367 3601 591 3652 Heraclii,
620 3605 659 3639 et
689 3601 752 3640 ita
783 3601 863 3641 alii
878 3601 936 3640 D.
1057 3597 1098 3650 c)
1130 3599 1369 3639 Heraclii*
1390 3601 1426 3639 1.
1446 3597 1487 3639 G
1515 3601 1550 3640 l.
1571 3600 1618 3647 ὃς
1649 3597 1887 3638 Heraehiii
1920 3597 2027 3646 G23
2057 3597 2235 3637 Eraclii
2254 3596 2288 3637 C
2310 3598 2351 3636 1.
2370 3597 2454 3636 12.

216 3657 264 3710 d)
300 3660 379 3708 qui
426 3660 671 3709 imperavit
700 3659 737 3699 Ρ
768 3660 811 3700 4.
848 3659 905 3700 G.
954 3680 1007 3690 —
1055 3658 1288 3698 mensibus
1338 3680 1387 3688 —
1437 3668 1632 3706 regnum
1664 3657 1749 3696 dee.
1785 3656 1820 3697 Ο
1851 3656 1924 3696 4b.
2077 3653 2120 3706 e)
2156 3665 2215 3695 m.
2251 3655 2458 3696 eiusdem

215 3718 483 3758 Constantis
514 3716 547 3760 f.
579 3719 618 3759 B
641 3720 679 3761 1.
770 3717 810 3769 f)
842 3719 953 3758 deest
981 3719 1020 3757 B
1042 3719 1081 3759 1.
1176 3714 1223 3767 g)
1257 3719 1301 3757 et
1330 3728 1374 3760 v.
1409 3718 1494 3758 des.
1531 3716 1565 3757 C
1602 3717 1652 3765 13
1685 3727 1727 3755 v.
1761 3719 1808 3755 et
1839 3725 1877 3754 o.
1912 3714 1966 3757 G.
2057 3711 2104 3765 h)
2133 3715 2327 3754 Persida
2357 3714 2395 3754 B
2418 3716 2457 3758 1.

214 3776 252 3828 i)
284 3776 480 3826 probato
511 3778 553 3817 A
585 3778 637 3825 2;
671 3777 853 3827 privatu
882 3777 920 3817 P
953 3779 992 3816 1.
1026 3776 1068 3817 G
1100 3778 1140 3817 1.
1175 3775 1215 3816 8.
1338 3774 1386 3826 k)
1418 3777 1529 3815 clem
1568 3771 1683 3816 o·1.
1804 3770 1839 3825 l)
1867 3774 2194 3825 imperatorem
2225 3774 2262 3812 F
2282 3775 2322 3814 1.
2358 3773 2461 3815 GS·

217 3833 281 3887 m)
315 3836 496 3886 aliquos
530 3834 572 3876 G
604 3834 736 3887 (corr.
771 3837 953 3886 aliquot
984 3834 1026 3875 G
1056 3832 1122 3886 4).
1155 3835 1180 3874 1
1212 3834 1253 3876 8.
1406 3832 1454 3886 n)
1490 3836 1770 3884 imperatore
1804 3832 1845 3873 G
1877 3833 1946 3876 δα.
1976 3833 2016 3873 L
2052 3836 2090 3873 1.
2244 3832 2289 3883 o)
2325 3832 2458 3880 Quod

215 3915 268 3926 —
304 3895 499 3935 audiens
530 3895 613 3936 des.
647 3893 689 3934 A
721 3895 765 3936 2.
885 3893 934 3946 p)
969 3894 1059 3942 Qui
1092 3914 1144 3925 -
1178 3894 1387 3943 reginam
1429 3895 1514 3933 des.
1551 3894 1584 3933 O
1616 3892 1689 3934 41³.
1720 3893 1760 3933 ὃ.
1883 3890 1930 3943 q)
1963 3892 2156 3933 veniens
2190 3911 2241 3921 —
2276 3891 2458 3931 nuntia·

211 3954 281 3994 vit
310 3952 352 3993 A
384 3954 424 3995 2.
545 3951 585 4006 r)
618 3954 918 4002 requirebant
948 3954 988 3993 A
1020 3953 1062 3993 3.
1095 3955 1138 3996 4.
1174 3954 1216 3994 5.
1251 3952 1300 3994 Ο.
1334 3954 1391 3996 D.
1422 3953 1459 3992 F
1492 3952 1535 3993 5.
1572 3951 1670 3993 (42.
1704 3952 1746 3993 8.
1869 3947 1907 4001 s)
1942 3952 1987 3992 ei
2017 3950 2058 3991 A
2091 3951 2132 3990 2.
2253 3949 2291 4001 t)
2324 3950 2462 3989 sciret

211 4015 402 4062 propter
431 4011 530 4053 Pl.
623 4010 671 4063 u)
704 4013 915 4053 volumus
946 4013 999 4052 B.
1019 4011 1070 4053 Ο.
1104 4013 1164 4053 D.
1197 4008 1313 4053 F‘ss.
1348 4013 1389 4052 4.
1423 4012 1508 4052 12.
1544 4011 1585 4052 G
1607 4013 1629 4051 1
1665 4022 1686 4050 ο
1716 4022 1857 4061 συνῆς
1889 4011 2111 4052 vellemus
2132 4006 2228 4047 13³6.
2265 4007 2397 4049 G5a.
2417 4018 2459 4047 e.

216 4071 259 4112 G
291 4071 321 4110 4
351 4081 372 4110 ο
401 4081 515 4112 corr.
639 4067 686 4121 v)
720 4072 913 4111 muliere
944 4071 981 4110 F
1017 4073 1057 4110 1.
1192 4068 1254 4121 w)
1289 4071 1347 4110 ad
1378 4072 1554 4111 iussum
1589 4070 1622 4109 C
1658 4072 1696 4111 1.
1729 4071 1772 4111 2.
1802 4070 1845 4109 D
1879 4071 1920 4111 8.
2043 4065 2092 4118 x)
2126 4075 2234 4106 mox
2264 4070 2314 4106 ut
2343 4065 2385 4106 A
2419 4066 2460 4108 3.

210 4131 250 4171 B
287 4131 326 4172 1.
363 4128 398 4169 C
431 4131 472 4174 1.
503 4130 545 4169 D
577 4130 620 4170 2.
655 4129 697 4170 8.
733 4129 775 4169 G
805 4130 876 4171 ba.
909 4131 933 4171 1
966 4132 1004 4170 1.
1041 4128 1083 4170 G
1115 4131 1140 4170 2
1171 4141 1192 4169 e
1222 4141 1334 4170 corr.
1454 4128 1502 4181 y)
1535 4130 1598 4169 ita
1629 4128 1729 4170 Al.
1762 4129 1857 4170 1⁴¹1.
1892 4128 1934 4170 G
1966 4125 2026 4169 ⁸2.
2059 4127 2111 4175 23
2142 4125 2464 4174 provabuntur

211 4188 255 4228 A
288 4189 339 4238 23
372 4189 579 4238 provolv.
613 4188 750 4228 ceteri.
874 4187 917 4241 z)
951 4189 1031 4239 qui
1062 4188 1104 4228 A
1136 4190 1188 4239 2;
1222 4190 1333 4239 quid
1362 4200 1475 4231 corr.
1508 4188 1631 4238 quod
1664 4187 1773 4236 G4;
1806 4187 1929 4236 quod
1962 4186 1996 4228 O
2028 4185 2102 4225 4b.
2225 4181 2271 4235 a)
2310 4184 2460 4234 requi-

211 4257 316 4287 rere
347 4246 385 4286 F
421 4248 461 4286 1.
608 4244 657 4297 b)
685 4251 786 4297 pose
815 4249 956 4297 suppl.
991 4247 1027 4286 Β
1061 4249 1100 4289 1.
1253 4245 1295 4298 e)
1329 4248 1438 4287 deese
1471 4247 1520 4288 Ο.
1554 4248 1614 4287 D.
1767 4244 1814 4297 d)
1848 4250 1951 4285 Lxx
1982 4246 2019 4284 B
2057 4245 2111 4292 13
2141 4245 2219 4279 ΧΠ
2255 4242 2297 4282 Α
2330 4244 2371 4283 2.
2409 4265 2462 4273 -

208 4305 433 4345 militibus
463 4306 501 4344 F
532 4306 575 4347 4.
626 4305 668 4346 G
700 4306 830 4346 1—4.
865 4308 941 4355 5ος
1003 4306 1281 4347 militaribus
1314 4306 1356 4347 G
1387 4307 1443 4347 ba
1499 4316 1559 4346 m.
1593 4305 1796 4346 virorum
1837 4308 1878 4347 A
1911 4308 1951 4348 8.
2135 4298 2179 4353 Θ)
2212 4302 2321 4342 deest
2351 4303 2389 4343 B
2423 4301 2467 4340 1-

213 4362 250 4414 f)
283 4365 395 4403 deese
429 4363 470 4405 G
501 4365 546 4407 8.
