3042 4909
464 404 690 456 PAULI
730 404 1082 457 HISTORIA
1120 405 1795 460 LANGOBARDORUM.
1869 407 2014 461 LIB.
2054 409 2166 463 111.
2361 410 2465 461 128

206 572 406 639 ricius
474 570 736 636 indutus
794 593 1113 671 purpura,
1188 571 1559 639 redimitus⁸¹
1604 573 2001 659 diademate,
2076 576 2161 642 ad
2219 579 2465 643 circum

209 656 552 743 processit,
608 654 1112 743 adclamatisque
1158 656 1281 721 sibi
1321 656 1651 741 laudibus,
1707 657 1976 745 largitab
2035 659 2277 759 populo
2327 684 2468 729 mu·

204 762 391 822 nera,
457 741 705 826 primus
718 751 760 783 ⁰·
779 751 799 784 ¹
865 761 950 804 ex
1015 741 1371 805 Grecorum
1389 743 1416 784 ὓ
1481 763 1716 828 genere
1780 743 1848 806 in
1913 745 2184 831 imperio
2243 745 2468 811 confir-

206 835 420 890 matus
465 834 578 890 est.

384 909 483 973 16.
569 905 660 971 At
722 928 876 971 vero
940 906 1354 992 Langobardi
1420 930 1568 973 cum
1632 931 1749 996 per
1804 932 2006 976 annos
2066 911 2288 978 decem
2342 913 2463 979 sub

210 999 562 1077 potestate⁶
620 990 858 1056 ducum
923 991 1225 1075 fuissent,
1289 992 1549 1058 tandem
1615 996 1936 1058 communi
2001 995 2267 1061 consilio
2331 995 2464 1061 Au-

210 1074 446 1159 tharif,
507 1074 897 1162 Clephonisss
968 1073 1169 1140 filium
1226 1098 1424 1175 supra
1463 1079 1798 1143 memorati
1837 1078 2182 1177 principis,
2242 1102 2463 1166 regem

211 1163 235 1188 *¹
258 1158 385 1225 sibi
451 1169 806 1225 statuerunt
823 1170 866 1224 ².
977 1159 1188 1240 Quem
1252 1169 1445 1225 etlam
1520 1160 1603 1225 ob
1678 1160 2053 1247 digmtatem
2115 1163 2412 1229 Flavium
2430 1166 2457 1207 ¹¹

211 1242 663 1329 appeuarunti.
775 1243 920 1324 Quo
986 1244 1400 1329 praenomine
1462 1266 1682 1310 omnes
1749 1247 1861 1332 qui
1925 1256 2149 1333 postea
2204 1247 2462 1314 fuerunt

211 1326 787 1412 Langobardorum
840 1349 1026 1411 reges
1045 1328 1075 1370 Β
1130 1326 1401 1394 feliciter
1441 1329 1542 1394 usi
1587 1337 1754 1394 sunt.
1840 1329 2052 1395 Huius
2109 1332 2177 1395 in
2235 1332 2462 1398 diebus

214 1410 298 1475 ob
343 1412 874 1478 restaurationem
916 1412 1100 1496 regni
1141 1411 1339 1477 duces
1383 1413 1493 1498 qui
1546 1422 1697 1477 tunc
1754 1424 1934 1480 erant
1976 1417 2259 1480 omnem¹
2316 1418 2464 1483 sub·

213 1495 588 1561 stantiarum
633 1517 893 1560 suarum
936 1495 1388 1560 medietatemm
1432 1495 1758 1595 regalibus
1801 1499 2022 1565 usibus
2052 1499 2362 1583 tribuunt,
2393 1511 2466 1566 ut

213 1600 356 1645 esse
399 1580 627 1665 possit,
686 1578 856 1643 unde
898 1601 1016 1643 rex
1056 1579 1196 1664 ipse
1241 1581 1379 1644 sive
1424 1602 1534 1678 qui
1577 1581 1637 1645 ei
1688 1580 2146 1648 adhaererent¹¹
2200 1584 2467 1671 eiusque

216 1663 540 1749 obsequiis
590 1684 702 1748 per
758 1662 1012 1728 diversa
1056 1662 1267 1728 officia
1313 1662 1511 1728 dediti
1555 1663 1889 1730 alerentur.
1975 1665 2208 1753 Populi
2250 1677 2467 1733 tamen

214 1745 547 1833 adgravati
582 1768 700 1832 per
727 1745 1192 1832 Langobardos
1233 1747 1518 1833 hospites
1549 1750 1915 1834 partiuntur
1928 1762 1972 1797 ⁰·
1992 1761 2036 1814 ³.
2124 1750 2282 1817 Erat
2312 1774 2464 1818 sane

213 1829 335 1894 hoc
380 1828 666 1896 mirabile
682 1842 709 1885 Ρ
754 1831 823 1894 in
860 1836 1063 1916 'regno
1106 1831 1712 1917 Langobardorum:
1754 1832 1929 1897 nulla
1968 1843 2104 1899 erat
2144 1834 2465 1919 violentia,

215 1912 427 1979 nullae
457 1912 896 1979 struebantur‘l
927 1913 1223 1998 insidiae3
1268 1937 1456 1980 nemo
1495 1915 1581 1980 ali
1628 1939 1772 1982 uem
1804 1917 2038 1984 iniuste
2067 1920 2462 2004 angariabat,

214 2011 440 2063 nemor
472 2020 502 2062 s
552 1996 816 2081 oliabat3
861 2019 989 2062 non
1019 2009 1197 2063 erant
1225 1998 1414 2081 furta,
1454 2021 1585 2064 non
1635 2001 1972 2084 atrocinia3
2018 2005 2462 2091 unusquisque

217 2104 346 2168 quo
388 2082 515 2147 libe
563 2091 659 2146 ats
704 2103 967 2146 securus
1019 2082 1155 2147 sine
1197 2083 1424 2148 timore
1467 2085 1832 2169 pergebat⁴.

389 2167 485 2231 17.
571 2165 719 2230 Hoc
737 2177 760 2212 ⁵
792 2175 1081 2252 tempore
1110 2166 1462 2233 Mauricius
1506 2167 1853 2252 imperator
1883 2166 2296 2256 Childeperto
2325 2173 2465 2256 regi

214 2250 610 2315 Francorum
636 2250 1103 2336 quinquaginta
1122 2249 1297 2314 milia
1318 2248 1556 2314 solidos
1625 2272 1694 2315 er
1708 2249 1955 2337 legatos
1978 2274 2128 2317 suos
2178 2252 2464 2338 direxit⁸,

229 2343 301 2397 ut
361 2344 545 2398 cum⁶
604 2334 936 2398 exercituu
982 2354 1176 2418 super
1230 2332 1546 2419 Langoba
1624 2356 1693 2398 os
1749 2336 2032 2401 inrueret
2086 2358 2324 2422 eosque
2383 2337 2464 2403 de

208 2416 402 2483 Italia
461 2418 929 2483 exterminaret.
1018 2416 1149 2497 Qui
1206 2439 1356 2481 cum
1413 2418 1749 2483 innumera
1801 2419 2198 2484 Francorum
2254 2419 2465 2485 multi·

214 2500 436 2567 tudine
495 2503 562 2565 in
626 2500 879 2566 Italiam
944 2499 1156 2565 subito
1220 2501 1509 2566 introivit
1524 2513 1572 2565 V.
1658 2501 2106 2588 Langobardi⁷
2169 2525 2325 2569 vero
2390 2504 2457 2568 in

212 2586 578 2651 civitatibus
609 2609 677 2651 se
708 2586 1229 2667 communientes,
1258 2583 1825 2650 intercurrentibus
1852 2584 2079 2672 legatis
2102 2585 2460 2674 oblatisque

213 2668 606 2752 muneribuS,
652 2690 878 2756 pacem
923 2690 1070 2733 cum
1117 2667 1573 2755 childepertow
1614 2668 1923 2735 fecerunt.
2011 2670 2142 2752 Qui
2184 2692 2333 2735 cum
2376 2670 2460 2736 ad

212 2850 258 2905 a)
293 2853 537 2892 redimitur
567 2850 609 2891 G
642 2852 693 2900 13
743 2851 945 2892 redimiu-
991 2849 1032 2891 G
1064 2847 1135 2901 *Ως
1182 2850 1514 2900 redimiturque
1550 2848 1591 2890 G
1623 2851 1667 2894 2.
1816 2851 1864 2904 b)
1899 2852 1933 2894 i.
1961 2855 2070 2893 sunt
2114 2853 2154 2894 A
2186 2852 2226 2893 δ.
2259 2855 2311 2902 63
2359 2857 2463 2903 post

213 2912 386 2960 largita
414 2910 456 2949 D
489 2908 584 2950 ⁸80..
617 2910 670 2960 43
717 2909 827 2950 fecit
866 2911 898 2949 l.
934 2908 975 2950 G
1006 2909 1031 2949 8
1081 2909 1269 2962 (largita
1299 2920 1413 2950 corr.
1446 2908 1614 2961 larga).
1648 2911 1701 2958 ις
1749 2911 1919 2959 largito
1951 2910 1991 2951 A
2026 2912 2075 2961 83
2124 2912 2317 2962 largitus
2349 2912 2384 2953 C
2419 2915 2460 2954 1.

208 2971 249 3012 F
286 2972 336 3019 23
368 2970 562 3018 largitus
595 2972 664 3010 est
693 2969 716 3008 1
749 2970 799 3018 23
830 2969 962 3018 larga
991 2969 1030 3008 Β
1066 2970 1135 3011 la.
1170 2970 1209 3010 2.
1245 2969 1296 3018 83
1342 2969 1473 3017 larga
1520 2980 1566 3019 p.
1600 2979 1660 3011 m.
1710 2970 1933 3010 exhibens
1964 2971 2001 3010 F
2032 2970 2084 3019 53
2130 2971 2263 3020 larga
2302 2971 2465 3012 tribuit

212 3041 234 3069 e
263 3040 379 3069 corr.
427 3028 469 3067 D
505 3030 572 3068 la.
723 3024 764 3079 c)
797 3028 1088 3068 numerarius
1137 3038 1197 3068 ex
1238 3028 1276 3067 F
1309 3029 1361 3078 13
1393 3037 1450 3067 m.
1497 3028 1625 3078 prins
1677 3027 1718 3069 G
1752 3029 1792 3067 1.
1823 3029 1864 3068 2.
1898 3029 1952 3078 83
1995 3040 2038 3080 p.
2083 3030 2193 3070 deut
2234 3029 2272 3069 F
2303 3030 2376 3070 Ωιι.
2410 3029 2463 3081 53

211 3089 482 3139 primusque
528 3098 549 3126 ε
579 3097 693 3126 corr.
740 3087 783 3126 D
819 3087 859 3137 1,
905 3090 942 3125 ee
983 3086 1047 3126 ita
1079 3087 1160 3126 alit·
1188 3087 1246 3126 D.
1298 3086 1339 3128 G
1372 3086 1500 3128 5a.b.
1521 3097 1559 3126 c.
1713 3085 1760 3139 d)
1796 3086 2053 3137 Gregorum
2099 3098 2319 3138 generem
2347 3090 2385 3128 F
2420 3091 2461 3129 1.

212 3147 257 3197 e)
291 3150 572 3198 potestatem
619 3145 805 3185 ductum
849 3145 886 3184 F
921 3147 975 3195 13
1020 3145 1226 3186 iudicum
1276 3144 1317 3186 G
1348 3145 1417 3186 5c.
1570 3143 1606 3196 f)
1640 3143 1831 3187 Auctari
1876 3148 1915 3187 Ε
1950 3149 1997 3196 1;
2042 3146 2268 3188 Autharic
2312 3146 2355 3187 A
2385 3144 2462 3198 Ὠς

208 3205 465 3246 Autharith
508 3205 551 3244 D
585 3201 646 3244 ’8.
679 3205 720 3246 8.
752 3203 794 3245 4.
829 3205 909 3254 1ος
956 3201 1257 3245 Autharicum
1303 3205 1346 3244 D
1380 3205 1431 3253 23
1477 3202 1753 3244 Autharium
1797 3206 1834 3245 F
1868 3206 1907 3248 2.
1961 3205 2002 3246 G
2036 3207 2075 3245 1.
2107 3208 2160 3256 4;
2209 3205 2461 3248 Autherius

214 3264 257 3306 G
289 3264 358 3315 bc,
388 3265 461 3303 sed
491 3263 615 3314 infra
650 3263 901 3313 plerumque
933 3261 1110 3304 Othari.
1233 3260 1279 3314 g)
1314 3262 1569 3313 chleponis
1603 3262 1637 3303 O
1669 3260 1732 3303 ·1.
1770 3266 1819 3313 13
1868 3263 2152 3314 chlephonis
2182 3265 2225 3305 D
2259 3267 2311 3315 ις
2361 3265 2461 3306 Cla·

214 3324 350 3365 vonis
396 3322 437 3363 A
470 3321 521 3371 ὃς
569 3321 778 3363 Olafonis
827 3320 868 3362 G
900 3321 978 3372 δας
1023 3321 1263 3372 Depbonis
1309 3322 1350 3362 A
1382 3322 1432 3370 2;
1477 3321 1698 3371 Dephoni
1743 3322 1780 3360 F
1813 3324 1856 3374 1,
1900 3322 2001 3362 ubi:
2048 3325 2461 3374 supramemoratis

210 3382 517 3434 principibus.
667 3380 716 3433 h)
748 3380 941 3421 fluvium
989 3391 1104 3421 corr.
1137 3381 1242 3421 flav.
1272 3381 1309 3419 F
1343 3382 1382 3420 1.
1536 3378 1570 3431 i)
1604 3380 1957 3431 appellaverunt
1986 3380 2028 3422 A
2060 3382 2101 3422 2.
2137 3381 2171 3422 Ο
2206 3384 2245 3421 1.
2275 3382 2334 3433 D,
2365 3383 2459 3423 alii.

210 3439 263 3492 k)
297 3450 454 3490 regem
485 3440 521 3479 F
558 3441 604 3489 13
637 3440 775 3480 duces
805 3441 847 3479 D
871 3439 913 3482 8.
1035 3437 1065 3491 1)
1100 3440 1305 3480 omnium
1336 3438 1434 3480 A8.
1558 3436 1621 3490 m)
1656 3439 1904 3479 medietate
1935 3439 1972 3478 F
1991 3442 2031 3480 1.
2154 3438 2203 3491 n)
2238 3440 2462 3481 adherent

206 3501 234 3541 1
267 3499 310 3553 8,
341 3510 457 3539 corr.
490 3499 767 3540 adhererent
795 3499 838 3538 D
861 3500 941 3547 1a3
973 3498 1199 3539 adherant
1228 3498 1322 3549 1²³1,
1353 3510 1467 3538 corr.
1500 3497 1780 3539 adheserant
1813 3497 1854 3537 G
1873 3499 1914 3549 1,
1948 3502 1985 3537 et
2015 3498 2078 3537 ita
2111 3497 2153 3538 G
2185 3499 2234 3548 ὃς
2268 3498 2460 3539 aderant

204 3569 324 3603 corr.
357 3559 551 3599 aderent
579 3559 617 3599 Ε
650 3561 701 3608 13
747 3558 941 3599 aderant
969 3557 1006 3597 F
1039 3558 1080 3599 2.
1113 3559 1156 3599 4.
1189 3557 1230 3598 ὅ.
1267 3555 1307 3596 G
1339 3558 1381 3598 8.
1417 3557 1458 3598 8.
1488 3558 1532 3597 4.
1565 3555 1630 3595 bc.
1781 3554 1826 3605 o)
1861 3557 2130 3606 pactiuntur
2171 3567 2284 3597 corr.
2316 3557 2461 3597 eadem

208 3628 345 3657 manu
376 3618 637 3668 partiuntur
669 3617 704 3658 Ο
739 3619 785 3665 13
830 3617 1072 3666 patiuntur
1099 3617 1142 3655 D
1177 3616 1217 3656 2.
1252 3615 1293 3655 8.
1326 3616 1370 3655 H
1402 3618 1442 3657 i.
1479 3633 1530 3646 ——
1565 3614 1776 3664 hospicia
1804 3615 1844 3655 B
1879 3616 1929 3664 Ως
1973 3615 2179 3665 hospites
2230 3638 2282 3647 —
2314 3626 2459 3665 regno

208 3677 361 3726 Lang.
394 3676 479 3716 deo.
514 3675 551 3715 F
584 3676 626 3717 ὃ.
763 3672 812 3726 p)
846 3675 1107 3715 mirabilem
1136 3675 1174 3715 F
1208 3676 1248 3715 1.
1284 3673 1325 3714 G
1357 3672 1417 3714 1⁴?
1553 3671 1600 3724 q)
1634 3673 1955 3723 stragebantur
1984 3673 2026 3714 A
2059 3675 2101 3714 8.
2235 3672 2277 3725 r)
2310 3685 2356 3718 n.
2388 3685 2459 3725 ep.

209 3736 297 3776 dee.
332 3736 373 3775 D
409 3736 450 3775 2.
586 3731 626 3786 s)
660 3734 848 3775 volebat
885 3734 923 3773 E
959 3735 1000 3776 1.
1028 3735 1065 3773 F
1100 3734 1138 3777 1.
1173 3734 1215 3773 2.
1263 3732 1318 3774 G.
1351 3733 1374 3772 1
1409 3733 1459 3781 13
1506 3742 1645 3772 nemo
1694 3754 1746 3762 —
1793 3732 1971 3773 libebat
2008 3737 2110 3782 post
2151 3734 2294 3783 suppl.
2328 3734 2371 3773 D
2406 3736 2459 3784 13

202 3799 304 3844 post
335 3794 514 3835 libebat
542 3794 655 3833 duae
673 3792 773 3842 fere
803 3793 942 3832 lineae
972 3803 1124 3833 erasae
1152 3792 1190 3833 F
1220 3794 1263 3833 1.
1384 3789 1420 3844 t)
1453 3791 1510 3831 ob
1543 3791 1631 3831 hoc
1664 3791 1709 3830 d.
1743 3790 1793 3834 C.
1824 3792 1882 3833 D.
2004 3789 2054 3843 u)
2088 3793 2317 3833 exercitu·
2348 3793 2385 3832 F
2419 3795 2459 3833 1.

207 3851 256 3904 v)
291 3854 481 3893 intravit
511 3852 548 3893 A
572 3853 622 3902 Ξῖ
653 3852 875 3892 introibat
904 3852 970 3901 D;
1005 3851 1247 3892 inti-obibit
1275 3851 1312 3890 F
1331 3852 1371 3893 1.
1463 3848 1525 3902 w)
1560 3849 1797 3900 chilperto
1829 3849 1871 3890 A
1889 3852 1940 3902 ²3
1973 3851 2317 3893 childebertum
2347 3853 2390 3894 D
2416 3855 2459 3895 1.

209 4004 266 4061 1)
304 4002 504 4069 primus
533 4017 600 4053 ex
639 4001 930 4054 Grecorum
959 4016 1156 4068 genere
1182 4000 1408 4052 Paulus.
1561 3998 1620 4065 2)
1663 3996 1743 4066 (ff.
1779 3998 1923 4068 Oriq.
2072 4003 2129 4065 3)
2173 4000 2252 4067 (J.
2284 4019 2458 4068 supra

205 4074 288 4140 ΙΙ,
327 4075 417 4125 82.
567 4073 628 4143 4)
666 4073 817 4126 Haec
855 4092 972 4126 cwm
1010 4090 1138 4127 vera
1193 4071 1415 4126 historia
1441 4089 1646 4140 parum
1682 4073 1976 4137 convenire,
2032 4073 2197 4126 Pabst
2233 4074 2454 4141 monuit,

203 4148 584 4216 Forschunyen
620 4145 703 4210 II,
738 4165 797 4214 p.
836 4148 944 4198 425
980 4164 1035 4199 n.
1213 4146 1272 4213 5)
1309 4147 1398 4198 Ex
1439 4145 1596 4214 Greq.
1646 4144 1773 4200 Tur.
1824 4147 1917 4213 VI,
1957 4147 2046 4200 42.
2233 4146 2293 4214 6)
2334 4164 2454 4200 cum

204 4250 279 4261 —
315 4223 579 4285 inrueret3
621 4237 740 4272 cum
778 4222 1058 4273 innumera
1094 4221 1185 4275 Fr.
1222 4221 1402 4285 mult.;
1441 4220 1616 4272 subito
1653 4220 1879 4274 Paulus.
2032 4219 2087 4286 7)
2126 4219 2333 4272 Paulus
2373 4220 2458 4275 hic

204 4313 243 4346 a
283 4293 534 4363 Greqorio
573 4291 786 4356 recedit,
825 4311 926 4360 quo
966 4301 1089 4346 teate
1114 4292 1465 4362 Lanyobardi
1500 4293 1853 4347 subdiderunt
1877 4309 1936 4346 se
1977 4292 2167 4346 ditioni
2207 4296 2339 4360 eius,
2364 4331 2379 4347 .
2403 4332 2417 4348 .
2442 4332 2456 4347 .

205 4370 577 4437 promittentes
616 4384 674 4421 se
716 4370 855 4434 parti
894 4370 1007 4420 eius
1047 4383 1165 4421 esse
1204 4366 1396 4421 fideles
1436 4371 1596 4433 atque
1636 4367 1925 4420 subiectos.

2484 1165 2559 1221 Ἰ).
2594 1172 2696 1213 101.
