3042 4909
507 418 731 471 PAULI
769 417 1122 472 HISTORIA
1160 410 1836 471 LANGOBARDORUM.
1913 419 2055 474 LIB.
2096 420 2194 473 VI.
2390 421 2498 473 227

238 606 362 651 nec
404 586 544 650 eius
587 584 869 732 effigies⁸¹
924 587 992 650 in
1014 583 1350 651 »ecclesiab
1394 584 1755 649 introducta
1798 596 1913 668 est,
1970 608 2089 651 nec
2132 609 2368 654 nomen
2407 589 2491 655 ad

250 670 590 734 missarum
635 668 1015 755 solempnia
1057 666 1398 756 prolatum.
1481 667 1652 732 Hice
1697 690 1843 733 cum
1899 692 2137 734 annum
2189 693 2388 736 unum
2432 683 2496 739 et

248 774 364 817 sex
407 753 737 819 mensibus
766 775 1037 839 regnum
1073 753 1395 838 gessisset,
1441 762 1662 818 contra
1691 774 1837 816 eum
1868 752 2299 840 Anastasiusd,
2346 760 2491 843 qui·

248 846 313 901 et
341 835 670 901 Artemius
699 836 910 902 dictus
952 845 1065 919 est,
1110 838 1466 921 insurgens,
1512 858 1660 902 eum
1702 858 1899 921 regno
1921 849 1946 879 θ
1977 837 2226 925 expulit
2269 839 2492 905 oculis-

293 920 414 984 uef
480 921 787 1006 privavit,
840 942 960 986 nec
1013 930 1225 985 tamen
1290 919 1547 986 occidit.
1647 919 1775 983 Hic
1828 919 2204 987 Anastasius
2253 922 2492 989 litteras

306 1004 666 1068 onstantino
722 1026 932 1104 papae
989 1003 1263 1069 Romam
1332 1014 1493 1089 per&
1556 1002 1980 1069 Scolasticum
2080 1006 2374 1071 atricium
2428 1017 2493 1073 et

248 1107 554 1151 exarcum
597 1087 820 1153 Itahae
864 1088 1116 1169 direxit,
1164 1088 1400 1174 quibus
1430 1109 1498 1151 se
1541 1088 1855 1153 fautorem
1872 1090 1902 1132 ¹¹
1946 1110 2022 1153 ca
2096 1089 2296 1157 olicae
2340 1090 2490 1157 fidei

243 1178 311 1234 et
353 1171 584 1236 sanctii
635 1173 802 1237 sexti
847 1171 1106 1236 concilii
1151 1170 1663 1258 praedicatorem
1701 1192 1838 1236 esse
1886 1172 2250 1238 declaravit.

410 1253 511 1318 35.
596 1254 630 1319 I
677 1256 801 1320 itur
863 1264 1207 1343 postquam
1266 1253 1659 1341 Ansprandk
1723 1267 1882 1342 aput
1942 1256 2307 1322 Baioariam
2360 1259 2490 1322 iam

245 1359 479 1402 novem
525 1360 652 1424 exp
679 1339 797 1404 etis
840 1340 1024 1403 annis
1076 1337 1417 1421 exulasset,
1474 1347 1769 1425 promoto
1812 1340 2070 1406 tandem
2112 1341 2488 1428 Teutperto¹

249 1420 501 1486 decimo
558 1443 726 1486 anno
771 1422 1217 1488 Baioariorum
1261 1421 1564 1505 duotorm,
1623 1424 1954 1489 exercitu¹¹
2021 1426 2198 1490 venit
2237 1425 2490 1491 Italiam

234 1505 678 1651 pufinavitque
737 1527 883 1571 cum
937 1505 1268 1592 Ariperto,
1320 1515 1382 1572 et
1435 1506 1607 1572 facta
1660 1518 1756 1571 est
1809 1520 1933 1572 ex⁰
1988 1519 2255 1595 utraque
2307 1520 2489 1595 parte

236 1609 305 1651 m
375 1598 440 1653 ta
483 1598 724 1737 straiges
767 1589 1173 1689 populorum.
1263 1588 1393 1655 Sed
1436 1592 1730 1677 quamvis
1774 1592 1899 1657 adv
1956 1603 2312 1657 extremum
2355 1615 2489 1658 nox

237 1671 556 1772 proelium
632 1674 950 1756 irimisset,
982 1684 1225 1739 certum
1260 1682 1470 1739 tamen
1499 1685 1615 1755 est,
1650 1675 1982 1741 Baioarios
2010 1685 2191 1762 terga
2217 1678 2487 1762 praebu-

234 1777 366 1820 1sse
418 1765 482 1821 et
532 1755 815 1843 Ariperti
881 1758 1237 1823 exercitum
1257 1770 1284 1812 ‘¹
1349 1759 1663 1824 victorem
1727 1759 1811 1823 ad
1875 1768 2082 1824 castra
2146 1780 2484 1825 remeasse.

238 1839 372 1907 Sed
417 1839 572 1904 dum
602 1841 863 1927 Aripert
904 1844 969 1905 in
1014 1842 1237 1906 castris
1280 1863 1538 1908 manere
1579 1840 1907 1925 noluisset,
1968 1842 2081 1908 sed
2122 1844 2336 1929 potius
2383 1844 2487 1907 Ti-

239 1924 456 1987 cinum
515 1925 835 1989 civitatem
892 1926 1234 2007 introisset,
1297 1935 1360 1989 et
1402 1927 1534 1991 suis
1591 1926 1715 1991 hoc
1763 1925 1932 1992 facto
1979 1926 2486 2012 desperationem

238 2017 305 2072 et
347 2007 731 2073 adversariis
762 2008 1094 2074 audaciam
1125 2009 1443 2095 praebuit.
1509 2010 1640 2090 Qui
1682 2019 2023 2096 postquam
2053 2011 2122 2074 in
2165 2011 2484 2075 civitatem

233 2113 567 2239 refigeressus
596 2101 709 2173 est,
755 2101 818 2157 et
859 2094 1179 2176 sensisset,
1224 2092 1376 2179 quia
1403 2113 1520 2179 pro
1550 2092 1673 2157 hoc
1714 2092 1884 2158 facto
1914 2114 2098 2157 suum
2130 2094 2484 2158 exercitum

236 2196 277 2240 o
361 2196 550 2239 nsum
592 2175 874 2259 haberet,
925 2198 1078 2241 mox
1121 2197 1271 2242 acce
1320 2185 1386 2240 to
1440 2175 1704 2240 consilio
1748 2188 1852 2242 ut¹·
1910 2176 1979 2241 in
2020 2177 2331 2242 Francia⁸
2389 2177 2482 2240 fu-

284 2262 464 2340 eret‘,
521 2269 828 2345 quantum
875 2260 999 2325 sibi
1055 2258 1211 2326 utile
1299 2262 1442 2324 uxit
1493 2271 1573 2324 e¹¹
1627 2258 1864 2346 palatio
1923 2281 2152 2324 aurum
2210 2259 2481 2325 sustulit.

232 2281 370 2423 Qui
401 2341 553 2407 dum
583 2342 853 2408 fluvium
883 2344 1181 2409 Ticinum
1211 2351 1514 2429 gravatus
1546 2366 1701 2408 auro
1732 2352 2130 2410 transnatare
2157 2342 2480 2427 voluisset,

227 2425 495 2512 ibiquev
539 2449 864 2510 corruens,
902 2428 1302 2493 suffocatusW
1345 2428 1531 2514 aquis
1575 2428 1894 2493 extinctus
1947 2437 2062 2493 est.
2151 2426 2351 2493 Cuius
2413 2429 2482 2493 in

230 2511 583 2576 crastinum
635 2512 807 2577 diem
863 2533 1095 2597 corpus
1137 2511 1500 2592 inventum,
1567 2510 1635 2575 in
1687 2510 1925 2597 palatio
1985 2511 2347 2576 ordinatum
2402 2533 2478 2576 ac

228 2592 464 2659 deinde
528 2595 610 2660 ad
681 2594 1013 2660 basilicam
1031 2607 1061 2638 ¹
1134 2594 1378 2659 domini
1457 2593 1807 2660 Salvatoris
1823 2643 1839 2678 ,
1921 2616 2116 2682 quam
2177 2595 2310 2660 anti
2357 2617 2478 2660 uus

221 2680 491 2765 Aripert
549 2689 1020 2762 construxerat,
1079 2678 1400 2765 prolatum
1457 2679 1677 2765 ibique
1721 2677 2085 2765 sepultum?
2135 2687 2249 2745 est.
2420 2681 2479 2743 ic
2500 2705 2598 2746 m.

222 2764 297 2827 in
368 2760 597 2827 diebus
665 2761 897 2849 quibus
961 2785 1030 2828 re
1123 2785 1233 2826 um
1303 2762 1506 2828 tenuit
1569 2772 1767 2829 noctu
1831 2762 2164 2848 egrediens
2227 2773 2292 2829 et
2355 2762 2477 2829 hac

222 2844 502 2933 illacque
543 2868 840 2933 pergens,
896 2847 1009 2933 qui
1098 2846 1178 2912 de
1224 2868 1299 2912 eo
1343 2867 1384 2910 a
1426 2848 1525 2911 sin
1574 2845 1697 2912 ulis
1742 2844 2109 2912 civitatibus
2138 2845 2472 2931 diceretur,

223 2952 348 3018 per
395 2940 596 2996 semet
638 2930 848 3017 ipsum
892 2929 1288 3017 explorabat,
1334 2951 1412 2993 ac
1455 2930 1520 2995 di
1569 2940 1811 3017 genter,
1914 2929 2125 2996 ualem
2168 2932 2473 2996 iustitiam

223 3013 464 3101 singuli
492 3013 735 3080 iudices
777 3012 1016 3101 populo
1048 3036 1165 3078 suo
1207 3014 1509 3098 facerent,
1554 3015 1872 3101 investiga
1920 3023 2003 3079 at.
2089 3014 2239 3098 Hic,
2282 3013 2472 3081 adve-

220 3098 550 3164 nientibus
593 3098 676 3163 ad
721 3120 789 3163 se
815 3107 1181 3163 exterarum
1224 3099 1512 3185 gentium
1554 3097 1800 3185 legatis,
1842 3097 2078 3165 vilibus
2121 3119 2335 3164 coram
2380 3099 2473 3163 eis

221 3181 513 3249 vestibus
555 3184 691 3248 sive
733 3181 1045 3269 pelliciis⁸
1090 3181 1416 3265 utebatur3
1462 3191 1661 3269 utque
1705 3184 1917 3246 minus
1946 3181 2170 3247 Italiae
2212 3181 2471 3247 insidia-

221 3274 448 3332 rentur
462 3276 508 3349 ⁸,
574 3287 926 3352 numquam
993 3266 1084 3331 eis
1193 3266 1428 3331 retiosa
1489 3266 1642 3330 vina
1695 3264 1798 3331 vel
1852 3275 2208 3331 ceterarum
2258 3287 2473 3330 rerum

217 3348 487 3415 delicias
544 3350 946 3417 ministrabat
966 3351 1014 3415 ¹³.
1177 3348 1438 3434 egnavit
1493 3358 1706 3414 autem
1761 3371 1908 3412 cum
1977 3358 2160 3473 patre
2215 3348 2475 3434 Ragim-

216 3442 444 3521 perto⁰
474 3434 611 3499 sive
657 3433 831 3499 solus
875 3455 1078 3521 usque
1108 3432 1194 3497 ad
1235 3453 1476 3497 annum
1519 3430 1971 3498 duodecimum
2019 3478 2034 3495 .
2120 3431 2274 3495 Fuit
2317 3452 2472 3517 quo·-

218 3595 268 3648 α)
317 3596 471 3646 effigie
516 3597 554 3637 1⁴*
592 3600 630 3637 1.
779 3595 827 3649 b)
873 3597 1120 3638 ecclesiam
1169 3597 1203 3638 Ο
1239 3597 1278 3637 8.
1326 3596 1369 3636 D
1404 3595 1444 3636 8.
1481 3595 1523 3636 8.
1576 3594 1616 3634 G
1647 3594 1690 3635 4.
1723 3594 1863 3644 διας
1928 3593 2154 3635 ecclesias
2201 3592 2237 3634 Ο
2272 3595 2311 3635 1.
2358 3591 2399 3635 G
2431 3595 2472 3635 2.

217 3653 262 3707 c)
297 3666 455 3695 novum
471 3667 564 3706 cap.
598 3655 814 3706 incipiunt
845 3655 896 3698 O.
915 3656 974 3695 D.
1007 3656 1045 3696 Ε
1082 3658 1120 3696 1.
1154 3656 1191 3695 F
1226 3656 1264 3697 1.
1300 3653 1419 3697 §.E
1557 3650 1605 3704 d)
1638 3652 1936 3693 Ausetanum
1967 3652 2064 3693 ΡΙ.
2202 3648 2246 3703 ο)
2277 3661 2470 3701 rognum

215 3715 256 3756 B
294 3715 336 3755 1.
366 3715 403 3755 F
440 3718 477 3756 1.
514 3716 553 3754 G
589 3716 628 3756 1.
665 3715 705 3754 2.
829 3712 864 3766 f)
899 3726 990 3764 que
1020 3715 1132 3754 deese
1160 3713 1202 3755 G
1234 3715 1276 3754 1.
1311 3713 1353 3754 2.
1473 3710 1523 3763 g)
1557 3723 1601 3762 p.
1634 3710 1680 3753 8.
1713 3722 1757 3762 p.
1791 3713 1837 3752 et
1869 3722 1911 3753 e.
1940 3711 2025 3752 dec.
2054 3706 2175 3752 A·8.
2297 3708 2347 3762 h)
2374 3710 2469 3752 fac·

216 3776 367 3815 torem
402 3771 443 3814 G
481 3774 522 3815 1.
559 3774 597 3815 2.
629 3775 673 3816 4.
795 3770 831 3824 i)
863 3775 986 3814 sexti
1018 3774 1168 3814 sancti
1199 3771 1240 3812 A
1272 3769 1336 3812 ’8.
1454 3768 1505 3822 k)
1539 3770 1796 3820 Aoisprand
1826 3767 1946 3810 A’8.
2065 3768 2101 3820 1)
2133 3768 2470 3821 Touana-tum

214 3831 251 3873 O
272 3832 312 3873 1.
348 3832 438 3881 113
468 3833 692 3882 'rampart
722 3831 933 3873 A2F1.
1015 3832 1081 3883 m)
1113 3832 1248 3873 ducto
1282 3829 1406 3872 041).
1439 3829 1633 3870 P4.G1
1669 3841 1691 3869 ο
1719 3840 1835 3869 corr.
1869 3829 1922 3879 43
1953 3827 2292 3869 ductoreGba.
2315 3838 2356 3869 c.
2388 3829 2469 3869 12.

212 3889 264 3937 n)
299 3900 403 3930 cum
437 3901 478 3931 e.
513 3890 549 3931 O
583 3892 623 3931 1.
657 3892 712 3941 83
746 3893 1004 3933 exercitum
1034 3892 1073 3931 E
1108 3891 1156 3941 13
1207 3889 1438 3932 exercitus
1468 3889 1511 3928 D
1545 3887 1633 3929 ἐκ.
1669 3889 1705 3927 F
1737 3889 1778 3928 4.
1814 3887 1854 3929 G
1886 3888 1960 3928 ba.
1983 3898 2021 3927 c.
2054 3887 2078 3926 1
2110 3888 2150 3927 2.
2279 3883 2325 3937 o)
2358 3887 2471 3927 aaut

215 3949 272 3991 F.
304 3947 359 3990 G.
482 3947 532 4001 p)
564 3949 674 3990 dem
706 3949 747 3990 A
781 3952 819 3991 1.
941 3947 989 4001 q)
1024 3950 1229 3991 exercitu
1260 3949 1297 3988 F
1334 3950 1371 3990 1.
1496 3945 1536 3998 ι·)
1567 3952 1667 3997 post
1699 3947 1840 3998 suppl.
1874 3946 1912 3986 1⁴*
1947 3948 1985 3986 1.
2108 3942 2147 3997 s)
2178 3945 2246 3985 ita
2275 3946 2316 3986 A
2352 3948 2391 3986 1.
2427 3946 2468 3987 2.

215 4007 257 4048 B
292 4007 333 4049 2.
366 4008 408 4047 D
444 4010 482 4053 1.
512 4009 551 4049 E
588 4008 625 4048 1.
659 4009 696 4048 F
732 4010 782 4058 13
813 4009 1057 4049 Franciam
1087 4008 1226 4051 ceteri.
1347 4006 1383 4057 t)
1416 4006 1588 4055 fugit-et
1619 4006 1660 4048 G
1695 4005 1821 4045 1-3.
1942 4001 1992 4056 u)
2026 4006 2073 4045 et
2099 4003 2138 4043 Γ
2171 4005 2219 4053 13
2252 4014 2280 4044 a
2313 4001 2471 4046 G1.2.

216 4087 272 4097 —
297 4070 399 4116 pou
429 4068 525 4116 pal.
571 4077 785 4118 mperscr.
833 4071 987 4108 autem
1036 4066 1078 4108 G
1111 4070 1153 4107 2.
1303 4062 1352 4117 v)
1383 4066 1449 4106 ibi
1495 4066 1538 4105 A
1569 4062 1630 4106 ’8.
1678 4065 1726 4106 0.
1759 4065 1816 4106 D.
1967 4059 2027 4113 w)
2054 4061 2309 4112 suffugimus
2354 4060 2395 4101 A
2430 4063 2470 4102 1.

208 4122 262 4176 x)
295 4124 487 4166 basilica
517 4126 554 4166 F
588 4128 627 4167 1.
748 4124 796 4177 y)
830 4126 1035 4176 sepultus
1065 4124 1106 4165 A
1126 4125 1167 4165 8.
1187 4146 1239 4156 -
1259 4129 1329 4166 est
1357 4125 1467 4164 deut
1498 4122 1541 4164 A
1572 4125 1613 4164 8.
1720 4120 1763 4174 ι)
1796 4121 2039 4173 pellicibus
2070 4120 2112 4160 A
2131 4117 2193 4161 ’8.
2284 4116 2331 4171 a)
2359 4120 2471 4161 insi·

216 4183 400 4225 diat-ent
430 4183 471 4224 A
504 4185 546 4226 8.
578 4186 614 4224 F
647 4186 688 4226 1.
725 4183 766 4226 G
800 4187 840 4225 1.
874 4186 915 4224 8.
1034 4181 1083 4236 b)
1117 4183 1443 4225 ministrabant
1476 4182 1517 4224 G
1541 4186 1580 4225 1.
1615 4183 1657 4225 8.
1695 4203 1745 4212 -
1777 4181 1921 4231 Per-ait
1956 4179 1997 4221 G
2030 4180 2072 4221 3.
2195 4177 2237 4230 c)
2270 4179 2471 4228 Baginp.

214 4241 257 4283 A
288 4243 330 4285 2.
366 4240 427 4284 '8.
462 4242 497 4284 O
532 4245 574 4285 1.
607 4244 645 4284 1⁴*
680 4246 718 4285 1.
751 4242 791 4285 G
826 4245 880 4293 13
911 4243 1124 4292 usnimi).
1160 4242 1201 4284 G
1234 4244 1289 4293 23
1319 4242 1519 4292 Raginb.
1551 4242 1595 4281 D
1628 4242 1669 4294 2,
1701 4240 1793 4282 alii.
1918 4236 1965 4291 d)
1999 4238 2273 4278 duodecimo
2306 4236 2347 4278 G
2377 4237 2419 4280 8.

220 4374 274 4439 1)
315 4376 408 4443 qui
448 4380 502 4426 st
538 4376 808 4427 Artemius
849 4373 1022 4426 dictus
1064 4379 1146 4425 cst
1181 4373 1411 4425 Paulus.

1901 4472 2004 4521 15‘
