3042 4909
552 406 774 461 PAULI
812 409 1159 462 HISTORIA
1198 409 1871 463 LANGOBARDORUM.
1946 410 2089 463 LIB.
2129 412 2177 465 1.
2410 413 2483 464 49

566 574 1066 642 INCIPIVNTa
1111 575 1560 644 CAPITVLA
1605 576 1846 642 LIBRI
1887 577 2158 643 PRIMI.

293 715 348 779 1.
434 713 537 779 De
598 713 973 797 Germania,
1039 714 1212 801 quod
1261 714 1476 802 plures
1541 716 1782 781 nutriat
1845 714 2149 803 populos,
2208 716 2480 804 ideoque

437 819 521 863 ex
569 818 646 863 ea
694 796 929 865 multae
991 807 1213 885 gentes
1278 798 1703 885 egrediantur.

249 956 292 1010 a)
323 958 379 999 In
425 961 615 1001 nomine
664 961 853 1002 Domini
900 962 1131 1011 incipiunt
1182 961 1386 1012 capitula
1432 961 1489 1003 de
1551 961 1746 1002 historia
1791 962 2200 1012 Langobardorum
2246 961 2288 1003 A
2319 964 2361 1004 2.
2423 963 2481 1004 In

249 1017 414 1059 Ohristi
445 1020 634 1060 nomine
664 1019 895 1070 incipiunt
924 1017 1128 1071 capitula
1159 1020 1268 1061 libri
1297 1021 1457 1078 istorie
1476 1020 1887 1070 Langobardorum
1907 1020 1949 1062 A
1980 1019 2045 1063 ’8.
2091 1021 2330 1071 Incipiunt
2361 1022 2484 1072 capi·

247 1076 343 1116 tuia
403 1076 510 1117 libri
567 1078 705 1128 primi
748 1077 970 1119 historiae
1022 1079 1439 1128 Langobardorum
1498 1078 1541 1120 A
1583 1080 1625 1121 8.
1660 1081 1726 1121 8ο.
1815 1080 2066 1130 .1ncipiunt
2126 1080 2331 1131 capitula
2371 1080 2481 1120 libri

247 1134 380 1185 primi
410 1135 461 1176 ln
490 1136 684 1176 historia
712 1136 1129 1187 Longobardorum
1175 1137 1217 1179 A
1249 1139 1291 1180 5.
1368 1138 1424 1178 1n
1470 1149 1517 1178 n.
1565 1149 1602 1180 s.
1647 1139 1867 1179 trinitatis
1908 1139 1998 1179 inc.
2042 1148 2140 1189 cap.
2187 1138 2299 1179 libri
2341 1139 2481 1189 primi

247 1194 294 1233 in
323 1192 560 1235 historiam
590 1195 1001 1244 Longobardornm
1031 1196 1073 1238 A
1106 1197 1149 1237 6.
1241 1197 1296 1237 In
1337 1198 1528 1238 nomine
1560 1197 1711 1238 Patris
1754 1201 1800 1237 et
1844 1197 1955 1238 Filii
2002 1201 2049 1237 et
2090 1197 2289 1247 Spiritus
2330 1198 2481 1238 sancti

247 1252 475 1302 incipiunt
505 1253 711 1304 capitula
741 1254 851 1295 libri
881 1256 1020 1305 primi
1062 1255 1282 1296 historiae
1322 1255 1734 1305 Longobardornm
1779 1257 1821 1296 D
1854 1257 1897 1296 8.
1997 1255 2234 1307 Incipiunt
2276 1255 2481 1306 capitula

245 1310 349 1351 libri
393 1312 532 1362 primi
578 1312 801 1354 historiae
846 1315 997 1364 gentis
1041 1313 1452 1364 Langobardorum
1501 1314 1698 1365 plerique
1737 1315 1795 1359 D.
1885 1315 1982 1355 Inc.
2042 1324 2142 1365 cap.
2185 1315 2234 1354 in
2286 1314 2481 1355 historia

245 1368 452 1418 Langob.
484 1372 521 1411 Ε
556 1372 596 1422 1,
628 1371 705 1411 ubi
734 1371 983 1412 abbreviata
1014 1377 1131 1414 sunt.
1209 1372 1447 1423 Incipiunt
1488 1373 1695 1424 capitula
1742 1374 1792 1414 in
1831 1373 2025 1414 historia
2063 1372 2479 1422 Longobardorum

245 1428 287 1468 Η
314 1428 361 1469 4.
397 1450 450 1461 -
481 1429 616 1470 Index
644 1440 738 1469 cum
761 1430 919 1481 primis
947 1430 1079 1480 foliis
1109 1431 1258 1472 midde
1302 1432 1350 1471 in
1395 1432 1434 1472 A
1470 1433 1508 1471 1.
1544 1431 1579 1473 C
1615 1433 1652 1472 1.
1687 1432 1710 1472 Ι
1756 1435 1777 1473 1
1811 1437 1850 1472 et
1890 1432 2021 1482 aliisf
2062 1432 2272 1472 omittitur
2304 1433 2479 1472 omnino

241 1487 289 1526 in
318 1486 360 1527 A
391 1484 451 1528 ’8.
493 1488 532 1527 Β
567 1490 609 1541 1,
649 1488 725 1528 ubi
767 1494 1026 1539 argumenta
1066 1491 1194 1541 capit.
1240 1491 1399 1532 1-84,
1442 1491 1688 1540 praemissa
1731 1496 1846 1538 sune,
1878 1492 1916 1532 B
1949 1492 2022 1533 2a.
2055 1492 2092 1531 D
2124 1491 2167 1530 4.
2200 1490 2236 1530 F
2271 1492 2310 1531 1.
2345 1490 2388 1532 G
2420 1489 2483 1536 ’8.

243 1547 314 1588 δι.
346 1546 370 1586 Ι
401 1547 445 1590 8.
473 1546 517 1586 Κ
537 1548 575 1587 1.
597 1566 648 1579 —-
684 1547 873 1587 Prorsus
901 1548 1116 1588 diversum
1145 1548 1267 1592 coda.
1300 1548 1343 1590 G
1366 1550 1404 1589 1.
1427 1549 1466 1592 8.
1488 1550 1514 1590 8
1549 1549 1688 1602 (eujus
1712 1552 1859 1600 prima
1883 1550 2053 1600 pagina
2070 1549 2162 1599 jova
2192 1549 2273 1599 lsai
2301 1547 2482 1600 nequit).

244 1606 284 1648 4.
316 1604 357 1647 5.
386 1604 409 1644 I
429 1607 485 1645 la
513 1606 576 1645 ita
607 1606 823 1646 exhibent.-
856 1608 898 1647 1.
931 1607 1005 1649 ΒΘ
1035 1607 1389 1657 septentrionali
1420 1608 1575 1660 plaga,
1607 1609 1730 1658 quod
1764 1609 1893 1661 (dccet
1915 1609 1956 1650 G
1976 1607 2022 1656 4)
2055 1609 2266 1658 quamvis
2297 1608 2482 1657 singula

243 1663 345 1704 loca
386 1662 517 1711 (deest
550 1662 592 1705 G
621 1662 668 1716 4)
702 1666 904 1716 propriis
948 1669 1277 1716 nuncupentur
1316 1667 1596 1717 nominibus,
1641 1668 1850 1717 generali
1896 1671 2051 1707 tamen
2098 1667 2324 1708 vocabulo
2369 1667 2480 1708 Ger·

243 1723 397 1763 mania
425 1725 666 1765 vocitetur.
730 1725 770 1766 8.
802 1724 984 1764 Divisio
1018 1725 1310 1766 winolorum
1344 1725 1670 1779 (Huinolorum
1692 1726 1731 1767 G
1763 1725 1808 1777 4)
1844 1726 1893 1766 in
1924 1725 2072 1766 tribus
2102 1726 2310 1776 partibus
2341 1725 2478 1767 iacta.

243 1781 282 1820 8.
312 1781 386 1822 ΒΘ
417 1791 472 1822 eo
520 1781 642 1832 quod
688 1783 828 1823 tertia
871 1792 979 1833 pars
1024 1785 1186 1834 populi
1232 1783 1341 1824 Ibor
1385 1786 1431 1825 et
1481 1783 1681 1825 Aionsm
1727 1794 1867 1835 super
1913 1795 1962 1825 se
1995 1784 2278 1825 ordinaverit
2323 1783 2478 1825 duces.

240 1840 283 1881 4.
317 1841 389 1882 ΒΘ
430 1845 610 1891 septem
650 1841 763 1882 viris
810 1842 1145 1883 dormientibus
1194 1843 1244 1882 in
1275 1842 1438 1883 eadem
1483 1841 1768 1885 Germaniae
1809 1844 1998 1894 regione
2040 1842 2110 1895 (in
2143 1841 2300 1884 Germ.
2331 1843 2354 1883 1
2389 1841 2480 1894 la).

239 1899 281 1940 Β.
314 1898 387 1940 ΒΘ
417 1897 740 1951 Scriptowinis
773 1898 1114 1953 (Scriptossnnis
1147 1900 1190 1942 G
1224 1899 1267 1952 1)
1312 1905 1448 1951 gente
1480 1901 1614 1955 (gens
1646 1901 1688 1943 G
1718 1900 1781 1953 4),
1813 1912 1933 1952 quae
1975 1902 2127 1942 crudis
2170 1902 2387 1942 carnibus
2417 1902 2482 1942 vi·

239 1961 352 2000 vunt
383 1958 519 2012 (vivit
546 1959 570 1999 1
604 1957 695 2011 la),
727 1959 893 2009 quibus
924 1960 1066 2000 etiam
1096 1959 1148 2000 in
1177 1959 1294 2001 locis
1323 1970 1408 2011 per
1450 1961 1629 2010 aliquot
1658 1961 1758 2002 dies
1798 1962 2002 2002 noctium
2046 1961 2203 2014 (noctu
2235 1961 2257 2000 1
2291 1958 2364 2011 la)
2398 1960 2481 2001 lux

238 2016 495 2058 clarissima
523 2017 741 2059 cernitur.
803 2019 845 2059 6.
874 2018 946 2058 ΒΘ
977 2019 1200 2068 voragine
1240 2019 1405 2060 oceani
1445 2019 1589 2060 maris
1620 2023 1666 2062 et
1708 2020 1766 2061 de
1800 2020 1901 2060 viro
1949 2030 2086 2069 quem
2127 2019 2377 2060 umbilicus
2409 2020 2483 2059 ab·

236 2075 426 2117 sorbuit.
489 2076 532 2118 ¹1.
564 2077 637 2117 ΒΘ
669 2085 858 2126 egressu
898 2077 1176 2120 winilorum
1207 2087 1235 2118 a
1272 2076 1609 2130 Scandanavia,
1650 2081 1696 2119 et
1724 2087 1808 2129 pro
1848 2077 2032 2119 tributis
2062 2078 2391 2119 wandalorum
2423 2078 2484 2118 le·

238 2134 354 2185 gatis
386 2135 447 2176 ad
487 2144 568 2176 eos
598 2135 763 2179 missis.
834 2136 877 2177 8.
911 2137 983 2177 ΒΘ
1024 2145 1079 2176 eo
1127 2136 1250 2187 quod
1281 2136 1499 2178 wandali
1532 2135 1698 2178 Godan
1736 2137 2009 2186 sortilogum
2052 2136 2293 2177 victoriam
2326 2139 2480 2186 postu-

243 2193 414 2234 lassent
442 2192 755 2246 (postulabant
788 2193 830 2235 G
860 2191 923 2244 4).
986 2194 1026 2235 8.
1060 2192 1193 2243 Quod
1207 2194 1503 2245 Langobardi
1524 2196 1581 2236 ab
1613 2196 1813 2237 intactae
1838 2195 2031 2249 (intacto
2065 2194 2107 2236 G
2127 2196 2171 2236 4.
2205 2195 2227 2234 1
2250 2193 2322 2244 la)
2356 2194 2480 2234 ierro

238 2252 408 2293 barbae
438 2252 731 2302 longitudine
761 2253 855 2294 sint
896 2253 1022 2307 (sunt
1054 2253 1097 2294 G
1127 2254 1172 2295 4.
1205 2254 1228 2294 I
1262 2252 1333 2306 1Θ)
1378 2247 1612 2305 appellati.
1676 2254 1745 2297 10.
1776 2254 1960 2295 Bellum
1991 2254 2270 2295 winilorum
2303 2253 2482 2306 (wino-

235 2310 384 2351 lorum
416 2310 459 2352 G
489 2310 536 2363 4)
567 2322 673 2352 cum
715 2312 971 2355 wandalis.
1035 2313 1105 2354 11.
1138 2312 1228 2354 Ubi
1259 2311 1471 2364 Assipittl
1501 2311 1716 2365 (Assipiti
1745 2310 1787 2353 G
1817 2311 1862 2364 4)
1893 2322 2054 2353 corum
2095 2313 2182 2352 iter
2222 2311 2481 2361 inpediunt.

240 2370 306 2409 18.
340 2369 413 2410 ΒΘ
443 2369 671 2420 singulari
700 2370 950 2411 certamine
992 2373 1038 2411 et
1076 2370 1289 2412 libertate
1330 2372 1604 2412 transeundi
1634 2371 2042 2421 Langobardorum
2087 2380 2173 2420 per
2211 2370 2328 2411 flnes
2359 2367 2484 2410 Assi-

238 2428 475 2478 pittornm.
538 2428 611 2472 18.
645 2430 717 2470 ΒΘ
739 2429 952 2472 libertate
982 2439 1221 2470 servorum
1253 2433 1299 2472 et
1323 2430 1374 2471 in
1404 2430 1572 2479 quibus
1604 2433 1766 2481 postea
1795 2430 2106 2471 habitaverint
2136 2427 2480 2481 (habitaverunt

238 2484 280 2527 G
308 2484 356 2538 4)
389 2488 521 2528 locis.
584 2488 653 2531 14.
684 2488 878 2529 Mortuis
910 2489 1103 2530 ducibus
1144 2488 1255 2529 Ibor
1296 2493 1344 2530 et
1373 2488 1556 2538 Agione
1604 2488 1773 2541 (Aione
1817 2488 1859 2530 G
1890 2486 1952 2539 4),
1996 2488 2195 2539 primum
2240 2488 2310 2527 cis
2342 2486 2480 2536 Agel-

235 2546 392 2596 mund,
423 2546 620 2597 Agionis
660 2547 799 2599 iilius,
842 2550 1019 2597 regnat.
1093 2547 1161 2590 15.
1191 2548 1264 2589 ΒΘ
1296 2548 1495 2598 quadam
1544 2548 1787 2588 meretrice
1828 2557 1921 2588 uno
1964 2550 2101 2597 partu
2132 2549 2308 2597 septem
2340 2545 2480 2586 enixa

235 2605 455 2654 puerulos
486 2610 534 2647 et
562 2605 613 2646 in
642 2606 871 2657 piscinam
902 2607 1147 2658 proiectos,
1178 2616 1238 2647 ex
1257 2607 1420 2656 quibus
1452 2616 1537 2650 rex
1567 2616 1711 2647 unum
1741 2607 1888 2648 levari
1903 2606 2143 2656 praecepit
2173 2607 2219 2646 et
2249 2604 2478 2645 Lamissio

235 2672 407 2704 nomen
437 2665 673 2716 imposuit,
705 2665 784 2715 qui
814 2669 976 2715 postea
1006 2674 1110 2706 cum
1140 2663 1482 2706 Amasonarum
1524 2664 1776 2706 fortissima
1805 2666 1855 2706 in
1885 2665 2028 2706 fluvio
2061 2666 2221 2718 natatu
2253 2662 2475 2704 conflixit.

238 2722 304 2765 1⁸.
337 2722 411 2764 De
443 2733 500 2764 eo
533 2724 640 2777 (hoc
671 2722 714 2764 G
748 2725 798 2775 13
830 2723 903 2764 De
946 2734 1003 2765 eo
1034 2724 1123 2765 dee.
1156 2724 1180 2765 1
1213 2723 1286 2774 la)
1331 2725 1454 2774 quod
1485 2724 1635 2765 subito
1668 2734 1810 2774 super
1854 2734 1935 2765 eos
1967 2724 2190 2773 vulgares
2221 2722 2479 2773 inruentes,

234 2790 392 2831 regem
423 2791 584 2823 eornm
614 2780 876 2831 Agelmund
909 2782 1190 2833 ¹occiderunt.
1255 2783 1326 2824 17.
1345 2784 1433 2823 Hic
1462 2783 1693 2824 secundus
1712 2782 2032 2833 Langobardis
2054 2781 2282 2822 Lamissio
2314 2783 2478 2831 regnat

232 2843 280 2882 et
311 2840 567 2891 Vulgarum
596 2843 782 2891 gentem
822 2842 1063 2892 inpugnat.
1128 2843 1198 2884 18.
1232 2841 1333 2882 Hoc
1364 2852 1550 2892 quoque
1581 2840 1813 2893 defuncto,
1844 2841 2008 2892 Lethu,
2041 2841 2209 2883 dehinc
2239 2840 2479 2890 Hildehoc,

236 2903 281 2942 et
311 2903 417 2950 post
463 2900 586 2940 hunc
631 2900 818 2950 quintus
850 2898 1047 2941 Gudeon
1095 2909 1290 2950 regnum
1336 2901 1555 2951 suscepit.
1620 2901 1691 2942 18.
1722 2901 1910 2943 Bellum
1956 2901 2077 2940 inter
2123 2899 2348 2950 Odoacar,
2398 2899 2479 2948 qui

234 2959 358 3000 intra
390 2959 577 3000 Italiam
622 2958 860 3010 regnabat,
892 2962 941 2999 et
979 2957 1252 3000 Peletheum
1291 2958 1527 3008 Rugorum
1570 2968 1743 3008 regem.
1805 2958 2055 3012 (Sequentia
2094 2968 2230 3008 usque
2260 2959 2319 2998 ad
2347 2957 2479 2997 verba

233 3018 270 3068 1,
303 3019 360 3059 σε
392 3017 583 3058 fuerunt
611 3017 914 3058 morientibus
943 3017 1097 3058 assum
1139 3017 1182 3058 G
1217 3021 1255 3068 i,
1300 3023 1491 3068 quatuor·
1518 3017 1651 3067 foliis
1692 3017 1877 3070 excisis).
1940 3018 2012 3059 80.
2046 3017 2132 3057 Hic
2174 3027 2296 3057 mors
2327 3015 2479 3057 Gudei

235 3079 281 3118 et
310 3076 539 3129 Clat'onis,
569 3079 616 3118 et
643 3075 818 3116 bellum
849 3075 971 3116 inter
997 3076 1224 3116 'ratonem
1251 3081 1299 3117 et
1327 3076 1579 3117 Roduli'um
1612 3087 1767 3127 regem
1782 3076 2075 3118 Herulorum.
2138 3076 2211 3117 81.
2245 3076 2315 3116 ΒΘ
2345 3076 2482 3116 inter·

232 3135 440 3177 tectione
472 3134 676 3186 Tatonis,
724 3138 771 3175 et
810 3134 935 3183 quod
963 3135 1137 3175 wacho
1170 3134 1429 3187 (Eumacho
1463 3134 1506 3175 G
1539 3134 1583 3186 8)
1617 3134 1794 3177 Suevos
1835 3146 1919 3176 suo
1962 3135 2168 3175 dominio
2200 3134 2479 3184 subiugavit.

234 3194 307 3235 88.
342 3193 441 3247 (hoc
483 3194 575 3234 loco
605 3193 755 3244 incipit
786 3191 828 3234 G
860 3193 901 3244 8,
928 3194 1073 3244 primo
1092 3192 1210 3242 folio
1241 3192 1418 3247 amisso)
1452 3194 1574 3235 Hinc
1607 3193 1713 3247 (Hic
1745 3194 1846 3236 G8.
1881 3194 1950 3236 bc.
1984 3194 2004 3233 1
2027 3192 2098 3244 la)
2130 3192 2326 3234 waltari
2357 3191 2477 3245 (vu.

232 3253 432 3294 waltari
465 3252 507 3294 G
539 3250 625 3304 bc),
673 3255 777 3303 post
818 3262 955 3300 quem
1002 3262 1153 3293 nonus
1199 3250 1388 3293 Auduin
1434 3251 1659 3306 (oduuinl
1706 3253 1749 3294 G
1781 3256 1832 3304 23
1879 3252 2089 3295 otwinus
2138 3252 2161 3292 1
2194 3250 2266 3301 la)
2316 3254 2481 3301 regnat

231 3309 401 3363 (fllium
443 3311 568 3360 regis
600 3310 768 3351 occidit
785 3311 885 3352 add.
907 3308 1055 3361 osc).
1116 3311 1188 3352 88.
1220 3312 1309 3351 Hic
1340 3310 1515 3364 (Aduin
1535 3310 1666 3362 Gbc)
1703 3311 1874 3352 Albuin
1908 3309 2133 3365 (Albuuln
2158 3308 2243 3351 G8
2275 3307 2476 3361 semper),

229 3369 357 3411 iilius
391 3370 515 3419 regis
546 3368 733 3410 Audnin
766 3368 990 3422 (Oduuini
1023 3368 1065 3410 G
1099 3370 1138 3410 8.
1170 3370 1193 3410 Ι
1226 3367 1316 3421 la),
1348 3370 1688 3422 Turismodum,
1720 3370 1957 3411 Turisindi
1992 3368 2150 3422 (Thur.
2184 3366 2226 3409 G
2258 3367 2304 3419 8)
2340 3365 2476 3409 Gebl·

231 3428 398 3470 dorum
426 3427 719 3481 (Gebitorum
752 3427 794 3469 G
826 3427 871 3478 8)
905 3428 1026 3478 regis
1056 3427 1218 3479 fllium,
1249 3428 1431 3469 occidit.
1495 3429 1567 3469 84.
1598 3429 1668 3469 ΒΘ
1704 3438 1761 3469 eo
1792 3428 1915 3478 quod
1947 3427 2124 3468 Albuin
2155 3436 2240 3477 pro
2272 3426 2477 3477 petenda

229 3497 362 3529 arma
394 3488 455 3528 ad
482 3487 811 3528 Thurisindum
843 3496 1000 3536 regem
1032 3486 1265 3537 profectus
1297 3491 1378 3528 est.
1441 3487 1601 3531 85.ΒΘ
1632 3488 1889 3528 Iustinisno
1923 3485 2147 3538 (Iustiano
2182 3484 2224 3525 G
2251 3482 2299 3534 8)
2335 3485 2478 3535 impe·

230 3550 403 3598 ratore,
435 3546 515 3597 qui
545 3551 593 3587 et
620 3545 748 3587 bella
778 3555 998 3596 prospere
1042 3556 1128 3595 per
1157 3546 1423 3586 Bilisarium
1467 3546 1609 3595 gessit
1653 3551 1699 3587 et
1731 3547 1781 3587 in
1819 3545 1946 3598 (dem
1979 3544 2020 3586 G
2054 3541 2098 3594 8)
2134 3543 2286 3583 causis
2319 3541 2477 3594 (clusis

231 3604 275 3646 G
310 3606 353 3648 8.
387 3602 434 3656 4)
469 3604 686 3645 civilibus
716 3604 939 3645 mirificus
970 3604 1149 3654 extitit3
1195 3604 1330 3644 huius
1376 3605 1660 3654 temporibus
1693 3593 1990 3644 Cassiodorus
2033 3602 2220 3642 divinae
2251 3602 2476 3641 scientiae

228 3662 418 3716 claruit,
448 3667 497 3704 et
525 3663 792 3704 Priscianus
835 3663 1163 3713 grammaticae
1195 3662 1304 3704 artis
1344 3662 1578 3713 protunda
1617 3664 1808 3704 rimatus
1840 3666 1923 3704 est.
1986 3662 2056 3702 86.
2090 3661 2160 3700 ΒΘ
2202 3663 2362 3700 sancto
2392 3660 2478 3700 Be·

228 3723 421 3764 nedicto
455 3721 522 3775 (et
552 3723 654 3763 elus
695 3721 930 3763 miraculis
961 3728 1007 3763 et
1050 3722 1263 3763 laudibus
1304 3722 1406 3763 eius
1448 3722 1550 3762 aad.
1582 3722 1606 3762 I
1640 3719 1730 3771 ia).
1791 3721 1863 3765 87.
1895 3722 1966 3762 De
2008 3727 2151 3770 regno
2195 3718 2401 3771 Albuini‚
2435 3723 2482 3760 et

229 3781 358 3831 quod
403 3791 509 3822 cum
551 3779 717 3821 Avaris
760 3780 1007 3833 (Averibus
1054 3779 1097 3820 G
1128 3782 1182 3831 23
1229 3782 1402 3822 Avares
1435 3779 1476 3821 G
1510 3778 1554 3831 8)
1604 3781 1765 3821 foedus
1807 3783 2080 3831 perpetuum
2118 3779 2292 3831 inierit,
2344 3781 2391 3819 et
2420 3776 2478 3819 de

229 3838 564 3882 interiectione
595 3839 877 3880 cunimundi
909 3840 1031 3889 regis
1065 3837 1350 3890 Gepidorum
1382 3839 1626 3890 capiteque
1657 3840 1783 3880 illius
1814 3840 1971 3881 ablato
2005 3842 2051 3880 et
2082 3847 2142 3879 ex
2173 3846 2228 3878 eo
2260 3836 2477 3888 poculum

229 3896 370 3951 (corr.
403 3898 572 3949 poculo
605 3897 647 3939 G
677 3897 724 3952 4)
754 3899 890 3939 iacto.
922 3918 976 3929 —
1010 3899 1046 3938 Ρ
1081 3899 1136 3938 la
1176 3902 1429 3948 amassent«
1472 3898 1536 3938 s'ta
1565 3899 1615 3937 ds
1644 3909 1725 3938 suo
1755 3898 1988 3949 supplevit:
2044 3898 2085 3938 1.
2118 3897 2190 3938 De
2236 3898 2404 3937 natura
2434 3897 2481 3935 et

227 3957 324 3998 situ
356 3957 734 4007 septentrionalis
774 3956 911 4007 plage
954 3956 1218 4007 Germanic,
1262 3959 1308 3997 et
1348 3956 1472 4007 quod
1503 3966 1563 3997 ex
1593 3967 1650 3997 ea
1680 3957 1822 3999 Gothi
1863 3956 2082 3999 wandali
2127 3955 2291 3996 Heruli
2320 3953 2477 3993 'I'urci-

226 4015 348 4066 lingi
381 4025 563 4056 necnon
593 4019 642 4056 et
669 4016 762 4057 alie
793 4016 972 4057 feroces
1005 4019 1051 4056 et
1094 4015 1321 4057 barbarae
1352 4017 1511 4064 gentes
1554 4016 1838 4065 prodierunt.
1899 4016 1942 4057 8.
1974 4015 2083 4055 Pari
2129 4013 2266 4054 modo
2309 4016 2356 4052 et
2383 4011 2480 4052 wi·

224 4074 451 4127 nilornm,
482 4074 570 4114 hoc
600 4077 670 4115 est
698 4073 1125 4126 Longobardorum‚
1168 4084 1297 4125 gens,
1339 4084 1459 4124 quae
1488 4074 1537 4114 in
1569 4074 1707 4115 Italia
1737 4074 1963 4124 regnavit,
2010 4082 2039 4114 a
2071 4071 2325 4114 Germania
2356 4073 2478 4110 sorte

225 4134 364 4175 exiit.
428 4133 470 4174 8.
505 4133 640 4182 Quod
681 4134 1021 4174 constituerunt
1061 4133 1174 4173 duos
1215 4133 1354 4174 duces
1401 4142 1543 4183 super
1580 4143 1645 4184 se,
1684 4132 1835 4184 Agion
1867 4138 1913 4173 et
1942 4132 2060 4173 Ibor.
2122 4131 2164 4171 4.
2196 4130 2269 4170 ΒΘ
2300 4131 2477 4178 septem

221 4191 572 4233 dormientibus
617 4192 697 4242 qui
741 4192 807 4233 ibi
850 4192 901 4232 in
947 4192 1147 4242 quodam
1193 4195 1326 4233 antro
1371 4191 1679 4241 requiescunt.
1757 4194 1796 4232 b.
1830 4192 1902 4232 De
1947 4190 2247 4233 scritowinis.
2329 4187 2374 4227 6.
2405 4186 2478 4227 ΒΘ

223 4250 428 4301 caribdi,
461 4255 500 4290 ec
529 4254 679 4291 cetera.
733 4272 786 4283 --
830 4251 874 4291 D
907 4247 951 4292 ’8
982 4251 1073 4290 ita.-
1108 4252 1147 4291 1.
1178 4250 1252 4291 De
1286 4249 1553 4301 Germania,
1584 4249 1707 4300 quod
1737 4251 1904 4291 multos
1934 4248 2131 4300 populos
2163 4247 2229 4287 ibi
2260 4248 2478 4286 nascatur

220 4313 273 4350 et
304 4309 420 4351 inde
451 4310 598 4350 multe
627 4313 789 4359 gentes
821 4318 1004 4359 egresse
1022 4314 1144 4349 sunt.
1205 4310 1245 4352 8.
1278 4310 1350 4351 ΒΘ
1371 4307 1694 4348 scandanavia
1723 4309 1893 4359 insula,
1926 4308 1982 4347 de
2013 4316 2106 4355 qua
2134 4304 2476 4354 winnoiorum,

218 4367 274 4408 id
307 4372 384 4410 est
412 4368 843 4420 Longobardorum,
876 4377 990 4418 gens
1021 4369 1151 4409 venit
1179 4372 1253 4409 stc.
1288 4388 1340 4400 -
1374 4366 1515 4406 Porro
1546 4366 1583 4406 Ρ
1617 4367 1658 4406 8.
1692 4364 1751 4409 ’8.
1787 4368 1816 4407 4
1848 4368 1910 4405 ita
1940 4365 2118 4405 habentz
2157 4365 2199 4407 1.
2230 4362 2462 4410 Prologus

1943 4450 1977 4499 4
