3042 4909
521 411 742 464 PAULI
783 413 1123 467 HISTORIA
1163 414 1833 470 LANGOBARDORUM.
1908 416 2053 470 LIB.
2091 418 2157 470 V.
2353 421 2457 472 177

500 577 1038 643 *ΙΝΟΙΡΙΠΝΤει
1084 579 1532 647 CAPITULA
1573 581 1814 648 LIBRI
1855 582 2184 664 QUINTI.

272 665 326 728 1.
415 661 774 809 (ἐύιοωοέξί
799 660 1196 811 (ἐξιὲιῳὲἒὲὶεῦἆ
1250 664 1619 731 confirmato
1638 678 1662 710 ⁰
1703 688 1921 752 regn0‚
1964 688 2232 731 uxorem
2275 667 2463 734 duxit

267 830 327 894 2.
412 766 715 914 Dealgiga
811 769 1095 913 crciari&
1130 795 1216 895 et·
1235 831 1557 918 quomodo
1600 832 1718 897 ad⁰
1765 831 2210 897 Grimualdum
2251 856 2457 900 rever-

418 933 526 976 sus
571 920 669 977 est
709 920 773 976 et
814 911 1041 977 iterum
1085 913 1151 977 in
1194 913 1505 979 Franciar
1545 915 1726 1001 fugit.

269 995 327 1060 3.
412 993 519 1142 Pe
563 992 900 1142 etaienzentia
944 993 1300 1061 Grimualdi
1341 999 1561 1084 regist
1602 999 1670 1063 in
1711 997 1994 1064 Unulfoh
2055 1006 2118 1064 et
2159 1000 2456 1065 vestiario

470 1098 576 1142 erc
643 1099 698 1141 ri
763 1126 776 1142 .

268 1162 329 1226 4.
417 1160 801 1241 Quomodok
850 1160 1186 1228 Grimuald
1241 1152 1580 1229 Unulfum'
1615 1174 1679 1230 et
1728 1164 2093 1230 vestiarium
2148 1166 2459 1232 Perctarit

417 1242 501 1307 ad
557 1244 860 1310 eundem¹
905 1246 1219 1311 Perctarit
1253 1247 1399 1312 irem
1441 1247 1747 1333 permisit.

415 1325 666 1391 Bellum
697 1327 1055 1393 Grimualdi
1082 1329 1467 1395 adversumu
1494 1330 1780 1396 Francos
1812 1341 1876 1397 et
1902 1333 2233 1397 victoriam
2251 1344 2276 1376 ⁰
2300 1333 2455 1398 eius.

415 1409 754 1490 Quomodo
822 1410 1136 1476 Constans
1201 1423 1511 1499 augustus
1576 1413 1866 1479 Italiam»
1909 1415 2192 1499 venienS,
2255 1416 2457 1481 Bene-

414 1502 723 1558 ventum‘l
770 1493 1035 1559 obsedit.

414 1576 753 1657 Quomodo
821 1576 1158 1643 Grimuald
1219 1579 1518 1645 invitatus
1582 1602 1622 1643 a
1682 1579 1812 1645 filio
1887 1602 2004 1646 suo
2067 1580 2460 1648 Romualdo‘

413 1659 848 1726 Beneventum
892 1660 1167 1725 advenit.

225 1781 273 1835 a)
308 1784 480 1834 Incipit
510 1784 550 1825 A
585 1788 640 1836 13
681 1787 721 1828 1.
756 1798 794 1829 c.
827 1787 882 1828 de
913 1787 1030 1828 libro
1064 1789 1143 1838 qui
1174 1788 1532 1839 superscriptum
1563 1793 1633 1829 est
1661 1789 1698 1828 F
1731 1789 1753 1828 1
1796 1790 1845 1830 in
1875 1789 2024 1830 ultimo
2046 1789 2166 1840 solio
2200 1788 2260 1844 (υ.
2286 1802 2334 1840 p.
2372 1791 2456 1831 1⁷6

225 1853 272 1883 n.
306 1840 366 1894 e).
398 1844 436 1883 B
470 1845 492 1883 1
528 1850 781 1896 arqumenta
822 1847 885 1885 ita
926 1847 1074 1886 habet:
1120 1846 1450 1896 Incipiunt
1491 1847 1767 1897 capitula
1809 1848 1958 1889 libri
1992 1850 2214 1898 quinti.
2279 1848 2456 1890 Grime-

225 1901 358 1941 aldus
401 1902 523 1951 regis
561 1902 704 1943 filiam
747 1905 877 1945 duxit
920 1915 1127 1947 uxorem.
1215 1905 1428 1946 Ber-thari
1468 1905 1527 1945 ad
1571 1904 1838 1947 Grimoaldo
1880 1907 2140 1949 revertitur.
2219 1906 2457 1955 Quomodo

224 1960 407 2000 Beriari
452 1961 701 2010 requisitus
742 1974 835 2003 non
877 1963 1123 2005 invenitur.
1185 1963 1382 2005 Unulfus
1412 1967 1459 2004 et
1489 1964 1733 2004 vestiarius
1764 1965 1941 2005 dimissi
1976 1975 2004 2005 a
2032 1966 2215 2006 Bertari
2246 1969 2456 2016 pergunt.

223 2019 507 2060 Francorum
551 2022 780 2062 exercitus
822 2022 870 2061 in
909 2022 1047 2062 Italia
1088 2031 1117 2062 a
1153 2022 1336 2062 Bertari
1377 2022 1562 2063 invitati
1610 2022 1817 2063 devictus
1859 2026 1942 2063 est.
2020 2022 2348 2064 Constantinus
2380 2035 2457 2065 au-

222 2080 380 2127 gustus
410 2087 548 2128 super
577 2079 722 2128 Lang.
757 2080 898 2120 venit.
957 2082 1193 2128 Augustus
1223 2080 1542 2121 Beneventum
1585 2080 1777 2122 obsedit.
1840 2080 1959 2128 Quia
1992 2079 2234 2122 Sisualdus
2265 2082 2459 2123 falsitati

225 2145 320 2176 non
352 2135 568 2187 adsensit,
600 2139 778 2179 occisus
820 2142 904 2179 est.
978 2138 1119 2187 Fugit
1148 2139 1384 2189 inperator
1427 2138 1744 2179 Grimoaldum
1790 2140 1912 2188 regis
1954 2139 2168 2181 adventu.
2230 2138 2460 2180 Saburrus

225 2194 427 2236 directus
458 2194 515 2234 ab
559 2201 750 2245 augusto
784 2206 813 2236 a
843 2185 1065 2239 Rssmoald
1106 2197 1255 2237 victus
1297 2200 1381 2237 est.
1444 2196 1699 2237 Devastata
1739 2197 1901 2249 Roma,
1944 2195 2108 2237 Sicilia
2149 2197 2335 2249 afflicta,
2379 2207 2458 2238 au·

225 2256 384 2303 gustus
415 2263 444 2293 a
471 2254 567 2293 suis
612 2256 852 2296 occiditur.
912 2255 1159 2295 Metentius
1200 2255 1450 2304 imperator
1490 2254 1640 2295 factus
1680 2255 1738 2295 ad
1778 2256 1914 2296 italie
1957 2255 2181 2296 militibus
2226 2265 2329 2296 cum
2360 2256 2457 2296 suis

224 2311 464 2351 occiditur.
528 2311 772 2353 sarraceni
805 2313 971 2355 Sicilia
1003 2314 1308 2355 invasserant.
1371 2312 1627 2354 Grimoaldi
1658 2313 1840 2355 obsides
1872 2314 1993 2362 regis
2025 2312 2124 2354 fllia
2154 2314 2264 2354 data
2295 2312 2458 2354 Sicilia

225 2369 434 2411 moritur.
494 2370 594 2411 Hoc
624 2374 832 2422 tempore
872 2371 1014 2411 multe
1053 2371 1211 2422 pluvie
1243 2374 1290 2411 et
1318 2370 1514 2420 fulgore.
1586 2372 1745 2422 Erepti
1775 2372 2096 2413 Beneventani
2128 2382 2157 2412 a
2189 2371 2456 2412 Grimoaldo

225 2437 352 2476 rege.
441 2428 497 2468 In
537 2429 765 2471 Foroiulii
804 2433 912 2480 post
956 2428 1169 2471 Grasult'o
1201 2429 1342 2482 Agus,
1389 2429 1556 2470 deinde
1587 2430 1759 2480 Lupus.
1853 2429 2148 2471 Grimoaldus
2192 2440 2276 2471 rex
2317 2441 2458 2481 super

222 2486 408 2536 Lupum
450 2486 609 2528 ducem
651 2489 829 2529 Avaros
869 2489 1047 2531 invitat.
1139 2487 1302 2529 Occiso
1345 2487 1476 2538 Lupo
1520 2488 1652 2540 duce,
1695 2488 1839 2528 Avari
1869 2488 2157 2529 Foroiulium
2205 2489 2454 2538 possident.

223 2544 517 2586 Grimoaldus
548 2546 597 2586 in
631 2545 787 2588 Genus
827 2557 983 2597 pugna
1013 2556 1196 2597 parans,
1228 2546 1483 2587 Avarorum
1514 2546 1768 2587 exercitum
1797 2545 1942 2595 fugat.
2003 2546 2324 2589 warnefridus
2356 2556 2460 2587 cum

222 2603 390 2644 Avaris
432 2604 554 2654 apud
585 2605 756 2646 Nemas
798 2610 996 2646 castrum
1039 2605 1276 2646 occiditur.
1364 2605 1544 2647 Wetari
1584 2605 1677 2645 dux
1720 2615 1823 2646 cum
1855 2603 2036 2646 Sclavis
2079 2605 2304 2645 dimicans
2334 2605 2461 2647 vicit.

220 2662 334 2703 Post
364 2661 539 2703 Wetari
569 2663 787 2716 Laudari,
825 2667 988 2713 postea
1017 2663 1279 2704 Rodoaldus
1311 2663 1419 2704 dux.
1480 2662 1581 2704 Rex
1611 2663 1733 2713 Lupi
1776 2662 1919 2703 filiam
1951 2663 2212 2704 Rumualdo
2245 2673 2327 2704 suo
2360 2662 2457 2703 filio

218 2729 413 2761 uxorem
445 2721 586 2761 dedit.
677 2722 748 2763 De
790 2723 886 2762 suis
930 2720 1191 2763 infidelibus
1223 2731 1305 2763 rex
1351 2722 1607 2762 ulciscitur.
1698 2722 1868 2762 Porum
1898 2722 2066 2772 Populi
2105 2723 2295 2772 eiusque
2327 2721 2458 2762 habi·

221 2782 397 2820 tatores
429 2789 510 2819 rex
541 2781 744 2829 graviter
784 2780 952 2826 atrivit.
1041 2782 1238 2831 Propter
1280 2781 1531 2822 vindictam
1571 2780 1765 2820 fratrum
1797 2790 1826 2820 a
1856 2780 2076 2820 Romanis
2119 2781 2283 2821 occisis
2315 2780 2462 2821 multa

223 2839 388 2878 contra
417 2847 496 2878 eos
528 2839 749 2879 exercuit.
840 2839 1063 2888 Bulgares
1097 2838 1391 2880 Grimoaldus
1435 2840 1558 2888 apud
1588 2841 1906 2881 Beneventum
1938 2839 2147 2880 collocat.
2239 2840 2458 2880 Extincto

222 2896 454 2937 Mecentlo
484 2897 683 2949 tirann0,
715 2895 1045 2938 Constantinus
1076 2898 1327 2948 imperator
1356 2896 1572 2939 efficitur.
1633 2896 1778 2939 Stella
1818 2899 2008 2938 cometis
2054 2901 2322 2950 apparente,
2355 2896 2458 2938 sub·

222 2955 434 3004 sequitur
472 2965 643 3004 magna
681 2956 952 2996 mortalitas.
1044 2954 1340 2997 Grimoaldus
1385 2967 1488 2997 cum
1518 2958 1783 3005 Dagoberto
1824 2966 1933 3005 rege
1974 2957 2256 2997 Francorum
2297 2965 2460 3006 pacem

223 3013 357 3063 fecitt
398 3012 559 3053 fraude
600 3014 882 3055 medicorum
923 3015 1128 3056 moritur.
1204 3016 1346 3056 Berta
1374 3015 1631 3056 revertitur.
1708 3015 1922 3056 Berthari
1954 3014 2282 3057 Chunibertum
2314 3013 2460 3054 fllium

225 3072 276 3112 in
307 3081 501 3121 regnum
534 3072 713 3113 asotiat.
785 3072 1004 3123 Nequitia
1032 3073 1219 3114 Alachis
1262 3077 1421 3115 contra
1451 3073 1799 3115 chunibertum.
1869 3073 2175 3115 Ohunibertus
2206 3073 2462 3122 Anglorum

227 3140 401 3180 genere
432 3130 563 3171 duxit
594 3140 800 3171 uxorem.
891 3131 1080 3172 Alachis
1112 3131 1380 3174 Chuniberti
1419 3133 1644 3181 palatium
1686 3132 1855 3172 invasit
1887 3135 1933 3172 et
1964 3131 2220 3173 rebellavit.
2310 3131 2464 3173 Verba

268 1328 330 1640 59²9*

226 3189 363 3240 pueri
394 3188 474 3238 qui
498 3188 725 3230 Aidonem
757 3192 804 3230 et
834 3187 1121 3231 Grausonem
1151 3190 1450 3239 perturbavit.
1510 3190 1566 3230 In
1600 3189 1829 3231 coronate
1860 3200 2018 3240 pugna
2050 3190 2296 3230 comititur.
2359 3189 2460 3229 Ex·

224 3247 496 3299 pliciunt
528 3248 809 3298 capitula.
882 3247 1106 3298 Incipit
1144 3247 1305 3289 liber
1343 3252 1390 3288 v.
1437 3268 1489 3277 —
1523 3246 1564 3287 A
1597 3247 1622 3288 6
1662 3247 1726 3287 ica
1757 3248 1899 3288 habet.-
1944 3250 1983 3290 1.
2017 3247 2254 3296 Quomodo
2288 3246 2462 3289 Grime-

227 3306 306 3346 ald
339 3304 634 3346 confirmatur
663 3308 713 3346 in
745 3316 902 3355 regno.
979 3307 1019 3346 2.
1051 3306 1123 3347 De
1153 3305 1265 3355 fuga
1293 3306 1493 3346 Pertarit
1532 3306 1581 3345 in
1625 3303 1786 3357 Sithia,
1820 3309 1866 3346 et
1907 3306 2135 3355 quomodo
2169 3305 2461 3346 Grimoaldus

227 3364 289 3405 ad
320 3373 475 3414 regem
506 3375 727 3405 cacanum
759 3365 896 3417 misit,
926 3368 976 3405 ut
1007 3375 1111 3405 eum
1146 3364 1402 3415 expelleret
1432 3365 1490 3405 de
1520 3373 1606 3404 sua
1637 3363 1835 3413 civitate,
1868 3367 1914 3404 et
1944 3363 2000 3405 de
2031 3363 2266 3413 provintia
2296 3361 2461 3413 situla,

224 3426 272 3463 et
316 3432 460 3472 quare
503 3422 611 3463 dicti
654 3426 761 3463 sunt
799 3422 955 3465 scithe
985 3423 1260 3475 Massagete,
1307 3426 1353 3463 et
1379 3422 1618 3473 Hircania,
1662 3425 1707 3463 et
1737 3422 1943 3473 Hircani,
1989 3424 2035 3462 et
2076 3422 2198 3462 unde
2241 3421 2463 3461 Armenia

224 3480 412 3532 dicitur,
457 3483 505 3521 et
546 3481 738 3521 Hiberia
783 3482 903 3522 unde
943 3482 1122 3533 dicitur,
1164 3484 1211 3522 et
1252 3479 1453 3521 Albania
1491 3480 1613 3520 unde
1659 3480 1841 3521 dicitur.
1933 3479 1972 3519 8.
2005 3479 2244 3527 Quomodo
2283 3478 2463 3519 Pertari

225 3542 489 3582 revertente
537 3540 595 3580 ad
628 3538 948 3581 Grimoaldum
992 3549 1147 3589 regem
1190 3539 1315 3579 misit
1353 3538 1576 3580 Unulmm
1624 3536 1806 3579 fidelem
1848 3546 1982 3578 suum
2022 3537 2080 3578 ad
2123 3547 2228 3579 eum
2271 3540 2379 3577 ante
2412 3545 2462 3576 se

224 3602 318 3650 eea,
350 3608 462 3648 quae
491 3598 720 3639 mcv-ihm
760 3599 932 3649 lonyum
962 3603 1069 3638 erat.
1109 3619 1157 3628 —
1190 3598 1227 3638 Ρ
1247 3598 1272 3637 2
1303 3597 1395 3637 ica:
1438 3596 1677 3638 Grimoald
1707 3597 1832 3646 regis
1863 3594 2006 3636 filiam
2039 3606 2222 3637 sumens
2254 3603 2464 3645 uxorem,

222 3656 405 3707 pariter
443 3657 694 3697 exercitum
734 3657 794 3696 ad
832 3658 1020 3707 propria
1061 3657 1249 3698 remisit.
1353 3656 1441 3696 Hic
1483 3654 1713 3702 Pertarith
1756 3655 1815 3695 ad
1857 3653 2175 3695 Grimoaldum
2219 3653 2463 3694 revertitur

223 3713 400 3755 insidia
430 3713 592 3755 ductus
624 3712 837 3768 (doctus).
900 3715 1137 3764 Quomodo
1168 3714 1396 3756 Pertarith
1437 3713 1681 3764 requirunt
1712 3723 1806 3754 non
1836 3713 2142 3754 invenientes.
2203 3713 2317 3752 Post
2345 3712 2463 3752 haec

225 3772 430 3815 Unulfus
463 3782 567 3813 cum
605 3773 823 3814 vestiario
856 3783 884 3814 a
914 3784 1020 3823 rege
1067 3774 1282 3814 dimissus
1315 3777 1387 3814 stc.
1422 3793 1475 3803 —
1513 3771 1649 3813 Totus
1678 3772 1804 3812 indes:
1835 3771 2045 3812 omittitur
2074 3770 2116 3811 A
2147 3767 2209 3814 ⁶2.
2241 3771 2279 3811 B
2316 3771 2386 3811 2a.
2418 3769 2461 3811 8.

225 3831 266 3871 Ε
298 3831 343 3876 4.
372 3831 410 3871 1³·
445 3830 486 3871 8.
522 3831 563 3873 G
593 3832 665 3874 ab.
746 3831 800 3872 In
833 3831 874 3873 G
907 3834 927 3872 1
951 3832 1068 3882 solio
1114 3833 1249 3873 miso
1292 3835 1547 3882 aroumsnta
1577 3841 1612 3871 ο.
1649 3831 1805 3871 1-21.
1837 3831 2004 3873 desunt.
2120 3827 2169 3881 b)
2204 3827 2464 3871 Grimwald

225 3899 393 3940 semper
425 3886 545 3932 G‘8.
565 3890 617 3941 83
643 3894 796 3940 poma
827 3890 952 3931 eciam
985 3889 1024 3932 G
1045 3892 1083 3932 1.
1206 3887 1248 3942 c)
1283 3889 1581 3932 confirmatus
1612 3892 1681 3929 est
1710 3889 1760 3929 in
1792 3899 1828 3930 r.
1862 3888 1954 3931 0.1
1973 3889 2012 3929 1.
2136 3886 2183 3939 d)
2215 3889 2326 3928 deest
2359 3887 2401 3926 H
2420 3887 2463 3927 1.

228 3945 276 3998 e)
310 3959 339 3990 a
367 3948 405 3988 F
438 3951 477 3990 1.
628 3948 665 4000 f)
698 3949 864 3990 Fracia
905 3948 947 3989 A
980 3951 1021 3991 1.
1068 3950 1107 3990 E
1142 3950 1189 3999 ις
1235 3950 1284 3991 it.
1332 3948 1504 3989 faciam
1535 3949 1572 3988 F
1605 3949 1660 3998 ις
1704 3947 1758 3989 it.
1790 3948 2011 3988 Fauciam
2055 3958 2170 3988 corr.
2217 3945 2464 3986 Franciam

232 4004 274 4047 G
306 4006 349 4059 8,
394 4012 431 4047 οι
462 4007 525 4047 ita
572 4006 613 4049 G
644 4004 707 4049 ’2.
744 4008 791 4057 85
838 4010 888 4050 it.
935 4008 984 4047 in
1021 4005 1325 4061 Prant(c)iam
1370 4007 1412 4048 A
1448 4008 1486 4047 8.
1535 4005 1570 4048 Ο
1604 4007 1646 4047 1.
1678 4006 1721 4045 D
1756 4007 1794 4046 1.
1829 4007 1869 4047 2.
1905 4006 1946 4047 8.
1981 4004 2019 4045 G
2052 4005 2135 4055 ὕας
2179 4005 2227 4046 in
2260 4003 2467 4045 infancia

225 4064 271 4105 D
307 4060 408 4115 ‘8a3
441 4076 470 4107 a
499 4065 620 4108 facie
651 4067 752 4107 eius
782 4066 819 4106 Ρ
850 4066 894 4108 5.
1016 4064 1063 4117 g)
1095 4067 1204 4107 deest
1233 4068 1276 4107 D
1309 4066 1349 4109 2.
1381 4066 1421 4108 8.
1555 4062 1603 4116 h)
1637 4064 1843 4106 I-Iunuli'o
1873 4066 1916 4104 D
1950 4064 1991 4105 8.
2025 4063 2069 4104 8.
2190 4060 2226 4113 i)
2255 4063 2308 4103 P.
2342 4060 2465 4111 regis

226 4123 272 4164 D
296 4124 337 4165 2.
372 4125 415 4167 8.
547 4122 598 4177 k)
630 4124 867 4173 Quomodo
903 4146 954 4156 —
985 4125 1214 4165 Perctarit
1256 4125 1340 4167 des.
1373 4123 1409 4165 0
1439 4120 1498 4164 ·1.
1635 4120 1672 4174 1)
1700 4133 1806 4164 eum
1836 4123 1887 4164 F.
1921 4120 1987 4172 (ἃς
2030 4122 2088 4164 Ρ,
2127 4121 2237 4162 deest
2268 4121 2310 4161 D
2345 4121 2387 4160 2.
2421 4119 2463 4160 8.

230 4180 299 4232 G3
331 4183 392 4223 ad
423 4192 463 4224 e.
493 4183 547 4226 P.
595 4183 682 4226 des.
712 4182 755 4223 A
787 4183 826 4226 8.
975 4180 1039 4235 m)
1071 4183 1123 4224 P.
1171 4186 1386 4233 nepotem
1430 4182 1468 4222 F
1503 4183 1543 4233 1,
1588 4181 1664 4221 ubi
1693 4182 1723 4221 i.
1758 4192 1802 4231 p.
1849 4181 2016 4221 amne.
2166 4178 2216 4232 n)
2246 4179 2465 4220 adversus

228 4240 292 4281 D.
325 4242 379 4282 F.
413 4240 470 4283 G.
593 4240 638 4294 ο)
666 4243 862 4283 victoria
891 4240 931 4281 A
964 4241 1005 4282 8.
1037 4242 1080 4281 D
1113 4242 1138 4281 2
1189 4241 1232 4283 8.
1265 4241 1302 4281 F
1335 4240 1377 4283 5.
1410 4241 1497 4289 113
1531 4240 1588 4280 de
1618 4240 1815 4280 victoria
1848 4238 1972 4281 Gbc.
2011 4260 2062 4270 —
2094 4239 2194 4279 eius
2225 4237 2334 4278 deest
2368 4236 2466 4279 Gil.

226 4297 279 4350 p)
314 4301 451 4343 Italia
484 4299 525 4342 G
558 4301 598 4345 2.
749 4298 796 4353 q)
825 4301 1103 4343 Bel-rentum
1148 4298 1189 4340 G
1220 4299 1263 4343 8.
1411 4296 1450 4349 r)
1483 4298 1742 4339 Rimwaldo
1772 4309 1886 4340 corr.
1917 4296 2204 4349 Rumwaldo,
2243 4300 2281 4336 st
2311 4295 2374 4336 ita
2404 4293 2473 4336 vel

227 4357 475 4403 Romwald
498 4364 650 4411 postea
683 4358 724 4401 G
757 4360 796 4402 8.
832 4381 882 4391 —
914 4359 1187 4400 Beneventu
1216 4358 1253 4397 F
1288 4359 1326 4401 1.

1942 4440 2008 4489 12

2476 600 2552 656 Ἰ).
2589 605 2690 647 140.
