3042 4909
533 422 605 470 24
990 418 1210 469 PAULI
1248 416 1601 469 HISTORIA
1638 415 1832 468 LANG
1840 415 2311 468 OBARDORUM.

521 587 812 673 propius
845 586 935 649 ad
966 585 1390 671 archetypum
1416 583 1718 648 accedere
1740 584 2015 648 videtur.
2064 582 2485 648 Correcturae
2509 606 2559 648 s.
2581 583 2772 648 XIII.

532 672 757 736 illatae
800 691 935 733 non
976 690 1260 754 maynae
1302 676 1456 732 sunt
1501 669 1932 733 auctoritatis.
2005 668 2277 732 Librum
2305 689 2452 732 cum
2481 667 2776 734 Murato-

532 757 628 820 rii
657 754 937 819 editione
967 774 1165 900 qulam
1196 753 1690 817 accuratissime
1719 754 2128 837 comparavit
2156 752 2214 815 b.
2244 774 2327 814 m.
2352 749 2433 815 G.
2458 750 2545 819 H.
2566 751 2773 817 Pertz.

539 836 638 923 (ff.
682 836 929 901 Archiv
1064 835 1120 917 I,
1214 881 1231 898 .
1275 835 1418 900 310.
1781 863 1786 866 ¹
1837 885 1845 894 .

703 920 800 1007 (4)
846 919 1032 984 A*2.
1177 921 1302 983 ati
1315 940 1575 983 canus
1619 917 1743 982 Nr.
1787 917 1972 1000 3852,
2020 918 2172 983 olim
2208 916 2507 1003 fortasse
2552 916 2625 983 S.
2660 917 2773 984 Co·

531 1003 784 1069 lumbae
874 1025 1031 1088 rope
1069 1002 1380 1068 Viennam
1395 1014 1437 1086 ¹,
1483 1004 1676 1088 cujus
1707 1011 1896 1066 carta
1923 1004 1998 1066 in
2028 1003 2245 1066 codice
2272 1000 2549 1087 liqando
2565 1023 2774 1086 prae-

516 1086 693 1171 fioea,
724 1109 774 1155 s.
843 1088 919 1151 X.
947 1087 1032 1168 4.,
1080 1109 1219 1151 una
1247 1109 1454 1151 manu
1493 1095 1830 1164 eaearatus,
1854 1085 2250 1172 fraqmenta
2285 1094 2542 1149 tantum
2577 1107 2775 1169 prae-

533 1173 649 1253 bet,
705 1170 893 1236 nulla
944 1168 1261 1235 librorum
1312 1170 1410 1234 vel
1462 1171 1750 1262 capitum
1803 1170 2217 1236 distinctione
2258 1177 2537 1234 servata.
2623 1168 2776 1234 Lec-

532 1258 759 1403 ἓὶοηθε,
804 1264 875 1318 ut
904 1254 1275 1319 Bethmann
1304 1262 1468 1319 recte
1484 1254 1841 1338 judicavit,
1885 1256 2211 1339 eqreqias,
2252 1254 2397 1337 ipse
2426 1252 2778 1338 diliqenter

580 1360 677 1403 esc
722 1341 746 1402 i
793 1341 898 1403 sit.
2415 1399 2422 1406 .

704 1361 802 1507 (ἔ)
849 1420 911 1485 Α
940 1421 1043 1485 2³.
1145 1421 1601 1487 Vaticanus
1644 1421 1770 1484 Nr.
1818 1419 2001 1500 1983,
2061 1420 2318 1485 membr.
2359 1442 2409 1483 s.
2448 1420 2589 1484 XV.
2611 1420 2773 1504 fol„

534 1528 719 1592 quem
762 1527 841 1570 eoe
885 1504 948 1568 A
982 1505 1024 1569 2
1066 1505 1460 1589 descriptum
1518 1525 1650 1568 esse
1697 1513 1942 1568 monuit
1985 1502 2065 1568 G.
2110 1504 2195 1571 H.
2239 1503 2442 1568 Pertz.
2530 1503 2774 1568 Eodem

532 1590 856 1654 volumine
898 1587 1100 1653 Pauli
1143 1589 1425 1652 historia
1467 1579 1776 1652 Roma‘na
1819 1596 1878 1651 et
1918 1588 2183 1652 Aretini
2235 1589 2583 1672 descriptio
2627 1586 2774 1653 belli

535 1672 796 1738 Gothici
838 1674 1271 1737 continentur.

704 1756 798 1905 267)
830 1755 1017 1819 A2b.
1106 1756 1567 1820 Vaticanus
1609 1753 2213 1820 Ottobonianus
2241 1755 2366 1819 Nr.
2390 1754 2535 1836 941,
2566 1756 2772 1819 chart.

534 1863 583 1903 s.
628 1841 698 1904 X
788 1840 843 1922 I,
885 1840 1109 1904 itidem
1152 1861 1233 1902 eae
1275 1838 1338 1901 A
1374 1838 1415 1902 2
1458 1839 1843 1922 descriptus.

703 1922 769 2013 (7
844 1922 1036 1987 A*3.
1129 1921 1341 1988 Codex
1396 1924 1781 1988 monasterii
1832 1921 1903 1988 S.
1948 1921 2396 2003 Dominici,
2451 1921 2778 1987 Palatii

531 2008 608 2070 in
638 2007 752 2070 Da
779 2009 989 2071 matia
1025 2004 1418 2091 (Spalatro)
1465 2008 1818 2087 constituti,
1865 2006 2016 2070 olim
2058 2006 2534 2092 Forojuliensis
2565 2004 2774 2089 (Civi-

529 2093 831 2171 tatensis)
849 2102 893 2172 ²,
944 2113 987 2153 a
1028 2090 1439 2155 Bethmanno
1481 2092 1558 2155 in
1600 2089 1764 2172 villa
1807 2091 2056 2155 comitis
2098 2088 2465 2154 Strassoldi
2489 2089 2775 2156 Jeanniz

519 2196 736 2260 prope
778 2175 1046 2239 Utinum
1079 2198 1141 2238 a.
1176 2171 1358 2237 1851.
1403 2175 1603 2255 visus,
1648 2183 1705 2238 et
1748 2174 1828 2237 ab
1873 2175 2021 2258 ipso
2064 2175 2163 2238 ita
2191 2174 2593 2261 descriptus:
2640 2172 2778 2239 ‘Co-

530 2258 658 2322 deoe
698 2259 950 2323 membr.
977 2256 1246 2343 formae
1291 2258 1687 2343 quadratae,
1732 2279 1900 2322 saec.
1930 2258 2007 2321 X.
2038 2258 2131 2320 in.
2165 2281 2207 2321 a
2236 2256 2446 2323 tribus
2474 2255 2774 2322 librariis

531 2352 880 2425 exaratus,
935 2344 1167 2427 optime
1224 2350 1685 2423 conservatus,
1744 2341 1842 2406 nil
1898 2342 2035 2405 nisi
2091 2342 2463 2406 Historiam
2514 2340 2779 2426 Lanqo-

531 2425 888 2491 bardorum
915 2429 1215 2491 continet.
1297 2426 1532 2490 Vocum
1562 2426 1800 2491 divisio
1831 2425 2182 2489 admodum
2209 2445 2487 2505 manca,·
2518 2426 2778 2489 numeri

530 2512 821 2594 capitum
873 2511 1173 2596 marqini
1225 2509 1520 2593 impositi
1530 2531 1556 2589 ;
1609 2508 1861 2574 litterae
1918 2507 2214 2573 initiales
2252 2509 2469 2592 pictae
2513 2507 2775 2573 nullae’.

536 2591 694 2658 Cum
736 2616 885 2658 vero
929 2615 1009 2658 εει)
1056 2591 1132 2656 17
1178 2601 1431 2657 tantum
1494 2592 1652 2658 libri
1694 2593 1748 2655 I.
1793 2591 2121 2675 capitibus
2177 2590 2477 2656 lectiones
2521 2601 2779 2656 enotare

519 2686 774 2762 posset,
825 2676 1294 2741 recurrendum
1338 2684 1481 2740 erat
1526 2677 1616 2741 ad
1659 2674 2063 2740 collationem
2105 2677 2279 2741 inter
2320 2676 2593 2740 schedas
2637 2675 2775 2739 Do·

528 2761 762 2824 minici
790 2760 868 2823 de
897 2760 1141 2825 Rubeis
1171 2761 1245 2822 in
1283 2759 1661 2824 bibliotheca
1691 2760 2054 2824 Marciana
2098 2759 2393 2841 Venetiis,
2421 2759 2529 2822 XI
2542 2759 2598 2840 V,
2633 2759 2776 2840 153,

533 2852 953 2923 asservatam,
998 2845 1189 2929 cujus
1281 2852 1484 2907 artem
1530 2852 1678 2907 ante
1731 2843 1964 2908 multos
2017 2866 2232 2908 annos
2272 2843 2328 2908 b.
2372 2866 2454 2906 m.
2499 2842 2776 2907 Bluhme

531 2927 653 3011 (cf.
690 2928 889 2991 Arch.
936 2928 1000 3010 V,
1080 2972 1097 2990 .
1129 2925 1206 2989 61
1221 2929 1304 3075 V),
1338 2936 1604 3011 partem
1649 2948 1864 3010 nuper
1914 2927 1978 2991 V.
2030 2924 2123 2992 Cl.
2168 2927 2408 3008 Heller,
2449 2929 2582 2991 inte
2629 2949 2777 2991 ram

528 3032 677 3074 vero
738 3010 802 3076 V.
864 3009 955 3076 Cl.
1059 3010 1159 3074 oh.
1268 3034 1299 3074 e
1326 3010 1492 3092 udo,
1549 3009 1963 3075 bibliothecae
2014 3010 2431 3095 praefectus,
2501 3011 2778 3096 d‘iqen-

529 3095 771 3160 tissime
829 3095 1180 3179 eoescripsit
1238 3093 1546 3178 nobisque
1612 3092 1902 3158 benevole
1964 3097 2350 3160 transmisit.
2471 3094 2579 3158 Ea:
2683 3116 2776 3157 ua

518 3186 724 3261 patet,
770 3178 1049 3243 codicem
1080 3180 1390 3263 proxime
1436 3178 1527 3242 ad
1570 3177 1633 3241 A
1660 3177 1701 3242 3
1748 3178 2047 3242 accedere
2090 3177 2209 3262 (cf.
2256 3201 2305 3242 e.
2347 3200 2449 3264 qr.
2506 3177 2568 3258 V,
2613 3116 2696 3240 2}
2745 3200 2773 3259 ;

528 3284 1025 3347 nonnumquam
1078 3283 1222 3325 cum
1267 3261 1331 3324 A
1368 3261 1410 3325 2
1451 3261 1551 3326 vel
1595 3260 1654 3324 A
1696 3260 1738 3326 5
1780 3264 2077 3326 convenit
2087 3284 2113 3344 ,·
2170 3283 2303 3327 non
2346 3283 2506 3326 raro
2549 3283 2775 3326 veram

529 3343 871 3427 confirmat
910 3344 1261 3411 lectionem.

531 3559 588 3628 1)
625 3560 710 3614 De
748 3578 851 3627 quo
891 3560 1156 3615 volumine
1207 3561 1337 3613 haec
1374 3560 1678 3618 Bethmann
1716 3559 1947 3612 monuit:
2004 3558 2368 3611 ‘Continentur
2404 3559 2589 3612 Bedae
2625 3558 2774 3611 chro-

522 3634 706 3698 nicon3
748 3634 881 3686 Item
918 3653 983 3688 em
1021 3634 1166 3688 libris
1202 3632 1369 3685 Pauli
1414 3631 1616 3693 Orosii,·
1683 3632 1815 3684 Item
1881 3650 1944 3684 ex
1982 3631 2129 3684 libris
2180 3632 2457 3700 cujusdam
2493 3630 2657 3682 Pauli
2693 3629 2774 3682 hi·

526 3704 705 3758 storici
737 3706 904 3774 ,qentis
929 3707 1412 3776 Langobardorum
1420 3724 1439 3768 ,-
1489 3703 1692 3757 Volusii
1717 3705 1953 3758 Meciani
1995 3704 2313 3769 distributio,
2351 3703 2474 3757 item
2511 3704 2771 3756 vocabula

528 3796 591 3829 ac
628 3786 783 3830 notae
828 3779 1066 3844 partium
1101 3778 1161 3831 in
1212 3779 1366 3831 rebus
1407 3776 1743 3845 pecwniariis
1781 3779 2023 3845 pondere
2076 3795 2295 3830 numero
2344 3793 2596 3830 mensura
2609 3794 2627 3837 ,-
2682 3775 2770 3829 De

528 3849 697 3902 variis
736 3851 1008 3904 vocabulis
1019 3869 1035 3914 ς
1076 3852 1165 3903 Da:
1192 3853 1324 3903 libro
1360 3851 1676 3904 Tertulliani
1688 3869 1705 3912 ;
1744 3851 1828 3903 De
1863 3850 2079 3921 gemmis
2091 3869 2109 3912 ,·
2146 3851 2230 3904 De
2256 3848 2421 3919 siqnis
2438 3850 2742 3916 ponderum
2748 3867 2770 3911 ,·

527 3921 716 3975 Sancti
757 3923 933 3976 Vaede
976 3923 1100 3989 (sic)
1136 3924 1227 3989 pb.
1254 3941 1319 3976 ex
1357 3922 1489 3975 libro
1540 3922 1975 3990 explanationum
2025 3925 2252 3977 secundo
2289 3921 2348 3975 in
2403 3922 2772 3984 Samuhelem5

526 3995 660 4047 Item
712 3997 944 4065 ejusdem
992 3998 1059 4049 de
1108 3995 1320 4048 naturis
1377 3994 1650 4063 lapidum'.
1737 3996 1966 4064 Reliqua
2017 3996 2083 4047 ab
2136 3997 2248 4048 alia
2298 4012 2464 4048 manu
2510 4003 2651 4059 sunt,
2704 4010 2773 4047 ex

525 4068 842 4136 Hieronymi
877 4070 1120 4135 operibus
1141 4070 1400 4122 desumta.
1567 4068 1625 4136 2)
1677 4069 1738 4122 V.
1791 4068 2141 4133 Valentinelli,
2181 4067 2320 4121 Bibl.
2373 4085 2642 4120 manuscr.
2695 4068 2773 4119 ad

527 4140 589 4193 S.
640 4142 813 4195 Marc.
879 4142 972 4207 VI,
1018 4161 1083 4211 p.
1138 4144 1241 4193 149
1258 4162 1273 4193 ε
1327 4140 1523 4195 ‘Codeae
1581 4141 1915 4196 Civitatensis
1967 4140 2303 4194 bibliothecae
2347 4138 2658 4194 monasterii
2709 4138 2768 4191 S.

527 4212 799 4279 Dominici
835 4216 986 4282 apud
1023 4214 1081 4269 S.
1122 4213 1474 4270 Laurentium
1506 4214 1847 4269 Venetiarum
1871 4216 1966 4267 hoc
2003 4218 2212 4267 saeculo
2238 4212 2407 4275 cessit,·
2429 4215 2558 4281 fato
2596 4222 2776 4267 tamen

531 4284 679 4346 nobis
699 4288 924 4341 adverso
949 4298 1072 4343 ante
1108 4287 1544 4343 monasteriorum
1563 4288 1956 4357 abroqationem
1982 4306 2033 4339 a.
2069 4289 2228 4340 1867.
2263 4286 2485 4340 Venetiis
2516 4287 2774 4351 habitam,

528 4358 801 4412 Palatium
839 4361 1147 4415 Dalmatiae
1187 4364 1261 4415 ad
1298 4363 1525 4432 ejusdem
1564 4360 1767 4414 ordinis
1803 4360 2180 4413 monasterium
2216 4362 2508 4413 translatus
2546 4358 2656 4413 est‘.
