3042 4909
561 390 636 440 20
1018 389 1239 441 PAULI
1276 388 1626 441 HISTORIA
1665 388 2110 442 LANGOBARD
2118 390 2337 442 ORUM.

557 558 843 623 minibus
931 556 1278 621 erebantur
1332 558 1466 621 sive
1521 557 1626 620 sin
1678 557 1809 621 ulis
1863 558 2021 622 locis
2080 559 2542 623 narrabantur
2585 559 2705 650 (II,
2735 562 2796 625 8.

556 642 686 722 III,
716 640 821 704 32.
926 640 982 722 I,
1011 638 1087 722 5;
1140 638 1224 722 cf.
1276 641 1331 721 I,
1362 640 1500 721 27).
1651 663 1810 726 aepe
1855 643 1946 706 ad
1988 665 2067 706 ea
2171 652 2433 707 rovocat
2492 666 2659 729 quae
2711 645 2793 709 ab

559 725 713 790 aliis
756 725 906 789 visa
951 717 1260 789 audierat
1302 725 1393 808 (I,
1423 724 1482 788 2.
1514 724 1575 788 6.
1608 724 1708 787 13.
1750 724 1842 807 II,
1872 725 1932 790 8.
1987 726 2051 807 V,
2085 664 2221 808 lg).
2308 727 2532 792 Etiam
2585 737 2792 792 terra-

556 830 708 873 rum
743 811 938 873 situm
981 829 1361 894 coqnoscere
1403 818 1461 872 et
1502 807 1858 872 describere
1897 811 2035 894 ipsi
2076 830 2276 875 curae
2317 820 2441 874 est.-
2475 813 2698 896 primo
2743 821 2801 874 et

558 892 841 957 secundo
860 892 1254 977 praesertim
1281 891 1468 973 libr0,
1498 915 1645 956 cum
1662 915 1896 977 pauca
1926 894 2007 957 de
2026 893 2217 958 rebus
2244 896 2441 981 qestis
2471 895 2802 960 tradenda

559 986 787 1057 essent,
832 977 907 1040 in
939 977 1043 1040 his
1071 985 1392 1040 versatur.
1465 976 1732 1052 Italiam
1761 979 2030 1061 saepius
2113 988 2468 1065 ervayatus
2499 1018 2578 1027 —
2656 1002 2801 1043 rae·

558 1068 655 1124 ter
682 1060 989 1144 Papiam,
1019 1059 1316 1142 Romam,
1344 1059 1804 1143 Beneventum,
1835 1066 2030 1125 etiam
2057 1000 2458 1126 {lodoetiam
2486 1072 2544 1127 et
2638 1072 2803 1126 stam

560 1165 702 1208 eum
747 1144 1027 1224 vidisse,
1086 1142 1435 1208 verisimile
1494 1153 1586 1207 est
1639 1144 1785 1234 (IV,
1829 1144 1931 1209 22.
1986 1144 2050 1226 V,
2094 1145 2134 1209 6
2135 1149 2210 1227 );
2265 1146 2543 1210 Larium
2585 1146 2801 1211 lacum

559 1229 848 1292 carmine
903 1225 1284 1292 celebravit¹
1329 1265 1416 1276 —
1457 1229 1537 1292 de
1592 1227 1877 1293 ecclesiis
1937 1229 2216 1314 aliisque
2274 1229 2598 1311 aedificiis
2655 1253 2777 1294 con

554 1314 825 1376 structis
883 1312 1157 1376 notitias
1213 1310 1468 1396 colleqit
1515 1312 1671 1396 (ΙῘζ.
1700 1312 1804 1376 48.
1865 1314 1931 1394 V,
1974 1312 2077 1380 34.
2120 1312 2223 1377 36.
2279 1312 2380 1394 VI,
2428 1313 2484 1377 1.
2532 1313 2630 1378 17.
2659 1313 2798 1394 58).

559 1394 1015 1460 Nihilominus
1070 1417 1218 1458 vero
1278 1396 1483 1459 multa
1527 1404 1587 1458 et
1674 1397 1872 1460 ravia
1925 1399 2068 1482 ejus
2121 1398 2423 1461 notitiam
2476 1396 2801 1483 effuqisse,

556 1482 950 1562 scriptorum
998 1478 1525 1564 Byzantinorum
1656 1480 1995 1566 iorumque
2036 1489 2591 1544 monumentorum
2635 1504 2803 1566 quae

558 1571 817 1628 exstant
860 1564 1269 1647 comparatio
1315 1563 1513 1627 docet.

726 1645 948 1711 Libris
975 1647 1243 1730 scriptis
1270 1645 1525 1710 Paulus
1553 1647 1654 1710 ita
1682 1669 1843 1710 usus
1889 1656 1999 1726 est,
2044 1655 2118 1710 ut
2147 1668 2281 1710 non
2310 1668 2467 1711 raro
2498 1649 2798 1730 ipsorum

556 1730 752 1794 verba
794 1731 1114 1810 retineret,
1159 1729 1235 1792 id
1278 1730 1453 1815 quod
1482 1732 1881 1814 praesertim
1935 1731 2010 1793 in
2052 1729 2214 1794 locis
2256 1751 2336 1793 eae
2382 1728 2699 1815 Greqorio
2743 1739 2802 1794 et

555 1813 749 1877 Beda
780 1814 1009 1877 sumtis
1019 1813 1286 1897 factum
1314 1811 1625 1894 videmus,
1673 1812 1836 1876 alibi
1861 1834 2012 1876 vero
2042 1835 2121 1876 ea
2138 1812 2353 1896 paulo
2383 1813 2620 1899 plusve
2656 1835 2797 1877 mu-

555 1906 739 1978 taret,
785 1905 1070 1983 augeret.
1154 1897 1453 1962 Eandem
1496 1918 1629 1979 qua
1667 1898 1741 1960 in
1780 1896 2059 1961 historia
2087 1897 2396 1961 Romana
2441 1920 2547 1963 res
2590 1897 2800 1962 diver-

557 2002 670 2045 sas
714 1982 889 2044 inter
932 2002 997 2045 se
1040 2002 1160 2045 con
1179 1982 1426 2044 'unctas
1467 1980 1760 2043 videmus
1799 1978 2158 2043 levitatem²
2214 1981 2320 2044 hic
2372 1980 2799 2066 deprehendi-

553 2087 699 2128 mus
719 2073 764 2127 3.
827 2064 1055 2149 Neque
1097 2066 1127 2127 i
1216 2065 1409 2144 cavit,
1453 2084 1533 2126 ne
1576 2061 1745 2125 talia
1790 2062 2101 2149 adjiceret
2137 2086 2304 2150 quae
2333 2063 2432 2128 vel
2460 2065 2798 2129 verborum

556 2170 818 2212 sensum
884 2148 1224 2211 turbarent
1285 2146 1382 2210 vel
1444 2167 1551 2209 res
1612 2146 1806 2210 aliter
1867 2148 2309 2231 disponerent.
2414 2149 2799 2233 Temporum

558 2232 854 2297 ordinem
893 2253 1142 2331 parum
1183 2239 1391 2294 curat.
1486 2227 1670 2303 Quae
1711 2231 1925 2317 gentis
1968 2253 2130 2296 suae
2169 2230 2422 2317 ‚qloriae
2451 2235 2651 2297 nimis
2684 2233 2799 2295 ad-

554 2317 812 2380 versari
854 2315 1247 2379 videbantur
1289 2311 1548 2378 silentio
1645 2315 1969 2377 raeterit4.
2043 2314 2387 2379 Ecclesiae
2444 2315 2800 2380 catholicae

559 2399 864 2464 addictus
920 2397 1425 2463 Theodelindam
1480 2335 1774 2478 celezbrat,
1829 2400 2020 2483 cujus
2078 2400 2325 2463 meritis
2367 2398 2801 2484 Langobardi

557 2490 623 2546 ‘a
726 2482 1064 2547 entilitatis
1123 2483 1359 2546 errore'
1424 2482 1516 2545 ad
1580 2479 1967 2545 catholicam
2016 2480 2221 2562 fidem
2285 2492 2443 2547 sunt
2505 2484 2801 2547 conversi

558 2573 593 2650 (
594 2568 643 2630 Ι
647 2506 724 2647 Vq
756 2567 852 2647 6),
897 2588 1030 2630 non
1073 2574 1288 2629 tamen
1334 2565 1634 2628 acerbius
1680 2565 2084 2648 antiquiores
2133 2567 2418 2651 castiqat
2455 2589 2638 2652 reyes
2724 2568 2799 2630 ui

540 2650 747 2732 fldem
791 2648 1275 2733 profitebantur
1328 2647 1682 2716 Arianam.
1769 2647 2139 2712 Rarissime
2168 2651 2505 2735 judicium
2547 2672 2670 2733 pro
2721 2652 2795 2729 it;

559 2754 762 2817 aequo
823 2733 1045 2795 animo
1103 2753 1207 2794 res
1266 2753 1310 2792 a
1363 2752 1427 2792 se
1481 2739 1760 2794 remotas
1795 2733 2193 2818 perstrinqit
2209 2743 2255 2799 ³.
2340 2733 2562 2797 Nimis
2585 2733 2793 2817 fabu-

554 2815 699 2880 losa
749 2817 1063 2899 respuit⁶,
1112 2812 1403 2894 fideliter
1459 2835 1616 2877 vero
1668 2834 1833 2900 quae
1892 2838 1972 2878 eoe
2018 2838 2127 2880 ore
2172 2815 2503 2901 populari
2545 2818 2796 2900 accepit

554 2898 921 2963 reddidisse
963 2897 1241 2961 videtur.

365 2994 443 3047 ⁸1>-
466 2998 537 3038 27-
723 2982 1090 3046 *Narratio
1121 2977 1226 3044 his
1242 2980 1638 3063 praesertim
1654 2982 1968 3066 partibus
1996 2984 2289 3047 vivacior
2317 3005 2515 3067 quam
2542 2982 2760 3047 verior
2768 3006 2794 3066 ,-

556 3086 1050 3149 nonnumquam
1091 3064 1458 3128 carminum
1502 3066 1649 3128 anti
1691 3087 1923 3129 uorum
1966 3065 2243 3130 relatum
2273 3066 2509 3131 audire
2540 3067 2793 3132 credas.

738 3149 983 3213 Veteres
1028 3157 1322 3212 auctores
1361 3170 1494 3212 non
1524 3088 1755 3213 mullos
1785 3147 1971 3233 affert
2002 3171 2204 3233 neque
2232 3173 2546 3235 maqnam
2575 3173 2795 3215 eorum

556 3311 611 3374 1)
669 3310 731 3361 Z.
772 3310 828 3377 f.
887 3310 961 3360 D.
1017 3307 1124 3361 Alc.
1181 3308 1317 3372 XII,
1353 3327 1413 3375 p.
1440 3311 1568 3362 451.
1663 3309 1880 3360 Dahnio
1938 3308 2188 3361 assentiri
2222 3327 2440 3376 nequeo,
2479 3312 2573 3375 qui
2598 3329 2660 3376 p.
2703 3312 2790 3364 66.

552 3384 648 3435 hoc
686 3399 898 3435 carmen
932 3382 1098 3433 Pauli
1153 3399 1263 3435 esse
1298 3390 1477 3450 neqat.
1628 3380 1686 3445 2)
1738 3382 1797 3432 V.
1854 3398 1992 3446 quae
2039 3382 2230 3433 Bauch
2282 3382 2650 3434 dissertatione
2687 3401 2791 3434 sua

542 3473 605 3522 p.
648 3457 736 3507 64.
777 3457 842 3508 de
880 3455 1128 3507 Romana
1166 3456 1408 3523 exposuit
1443 3453 1683 3505 historia.
1763 3452 1946 3519 Neque
1979 3452 2182 3505 Oechsli
2207 3472 2270 3519 p.
2311 3454 2400 3507 58.
2441 3464 2489 3506 et
2511 3455 2792 3524 *Droysem

550 3529 772 3581 Forsch.
823 3529 882 3579 X
887 3528 945 3592 V,
989 3546 1051 3594 p.
1107 3528 1230 3592 1⁷5,
1276 3527 1406 3578 mihi
1453 3525 1567 3577 alia
1603 3526 1934 3591 persuadere
1974 3534 2285 3591 potuerunt.
2449 3530 2509 3595 3)
2548 3527 2789 3598 Sinyulis

552 3603 677 3654 locis
728 3603 857 3655 haec
903 3602 1217 3653 annotanda
1254 3599 1406 3651 duxi..
1555 3597 1616 3666 4)
1654 3598 1956 3650 Bethmann
2001 3617 2064 3665 p.
2107 3600 2231 3651 285.
2285 3600 2560 3669 beniynius
2612 3603 2680 3654 de
2731 3620 2788 3655 eo

537 3674 814 3743 judicasse
859 3674 1086 3727 videtur.
1175 3673 1359 3738 Neque
1405 3672 1625 3724 Baudio
1675 3672 1734 3722 di
1788 3670 1965 3724 Vesme
2011 3689 2232 3739 prorsus
2279 3675 2525 3727 assentiri
2570 3692 2792 3741 possum

551 3748 772 3799 dicentiz
812 3747 1036 3799 ‘Paulus
1074 3754 1338 3812 spectatae
1374 3746 1585 3807 omnino
1610 3746 1746 3812 fidei
1783 3745 2026 3811 quamvis
2061 3764 2169 3799 non
2207 3764 2408 3814 semper
2443 3747 2573 3801 recti
2593 3748 2796 3817 judicii

550 3819 866 3873 historicus'.
1053 3819 1114 3886 5)
1155 3818 1306 3880 Quae
1341 3818 1509 3869 Dahn
1561 3836 1618 3884 p.
1659 3819 1745 3871 16.
1784 3818 1850 3870 de
1905 3836 2122 3884 operum
2176 3820 2354 3873 indole
2398 3823 2527 3873 dicit
2552 3822 2792 3887 probare

548 3910 767 3959 nequeo.
918 3890 976 3959 6)
1017 3891 1126 3944 Sed
1180 3900 1482 3944 sanctorum
1532 3891 1804 3942 miraculis
1838 3892 2070 3957 firmiter
2119 3894 2361 3946 credidit.
2437 3894 2516 3944 Iis
2562 3911 2698 3958 quae
2736 3894 2785 3959 I,

552 3967 640 4017 26.
688 3967 754 4018 de
798 3965 854 4018 S.
895 3965 1179 4017 Benedicto
1231 3965 1372 4015 canit
1420 3965 1663 4031 conferas
1714 3964 1979 4016 homiliam
2021 3964 2227 4033 (Miyne
2264 3984 2325 4035 p.
2379 3968 2537 4017 1575.
2592 3967 2788 4032 1579):

549 4040 799 4091 Testatur
835 4040 940 4090 hoc
978 4040 1123 4104 quod
1160 4037 1394 4102 loquitur
1428 4053 1619 4088 reeens
1656 4036 1790 4089 illud
1829 4039 2159 4101 miraculum,
2198 4039 2341 4105 quod
2378 4046 2503 4090 ante
2534 4039 2639 4091 hoc
2676 4041 2788 4091 fere

552 4112 871 4163 decennium
899 4116 1108 4176 gestum
1148 4109 1432 4174 multisque
1471 4109 1706 4161 vestrum
1735 4116 1817 4162 est
1856 4113 2143 4176 cognitum,
2185 4116 2386 4162 mutum
2422 4112 2634 4164 scilicet
2660 4119 2786 4165 ante

552 4187 667 4236 eius
704 4185 810 4235 hoc
850 4200 1039 4250 corpus
1078 4182 1497 4233 sacratissimum
1536 4182 1698 4234 fuisse
1737 4182 2003 4234 locutum.
2026 4220 2040 4235 .
2062 4221 2074 4233 .
2124 4183 2266 4249 quod
2294 4190 2375 4234 est
2412 4183 2784 4236 admirandum

549 4257 934 4318 vehementius,
973 4271 1079 4305 non
1128 4253 1300 4305 solum
1347 4254 1616 4320 loquelam
1663 4257 1946 4323 propriam,
1997 4255 2100 4306 hoc
2141 4262 2221 4306 est
2270 4256 2565 4321 barbaram,
2606 4260 2787 4323 coepit

553 4330 720 4391 effari,
759 4327 855 4379 sed
893 4326 1052 4378 simul
1090 4328 1252 4377 etiam
1293 4334 1347 4378 et
1383 4327 1650 4379 Latinam.
