3042 4909
419 669 497 724 ορ.

497 862 599 905 6⁷4.

536 675 605 714 93.

626 481 726 530 112
914 479 1136 530 PAULI
1176 478 1521 532 HISTORIA
1560 475 2233 530 LANGOBARDORUM.
2309 477 2451 529 LIB.
2490 477 2599 528 111.

734 648 1155 727 *INCIPIT
1205 647 1767 725 HISTORIAE
1821 646 2762 723 LANGOBARDORUM

1327 750 1634 825 LIBER
1684 749 2143 826 TERTIUS.
2446 773 2450 776 ’

791 850 847 913 1.
933 849 1142 935 Igitur
1161 862 1178 895 ¹
1240 848 1323 913 ali
1369 850 1551 913 uanti
1612 871 1697 912 ex
1751 848 2023 913 ducibus
2076 846 2646 933 Langobardorum
2704 868 2854 910 cum

617 932 832 998 valido
877 934 1163 998 exercitu
1205 932 1329 996 Gal
1376 955 1446 996 as
1486 936 1550 996 in
1635 931 1949 996 ediuntur.
2034 931 2289 996 Horum
2305 941 2329 974 ²
2372 929 2715 995 adventum
2756 931 2860 994 vir

615 1018 744 1083 Dei
773 1017 1131 1105 Hospitius,
1163 1018 1274 1102 qui
1304 1027 1463 1104 aput
1475 1020 1528 1059 ⁸¹*
1554 953 1860 1080 §iceamss
1891 1025 2028 1080 erat
2054 1012 2377 1080 inclausus
2391 1026 2435 1097 ⁸,
2480 1021 2699 1078 sancto
2729 1013 2859 1079 sibi

615 1101 936 1167 revelante
992 1101 1256 1186 Spiritu,
1320 1099 1508 1186 longe
1573 1110 1720 1166 ante
1782 1099 2099 1186 praevidit
2161 1098 2613 1184 eiusdemqueb
2678 1098 2861 1164 urbis

619 1186 888 1270 civibus,
945 1206 1110 1273 quae
1166 1184 1335 1248 mala
1388 1186 1787 1268 inminerent,
1844 1183 2228 1270 praedixitb.
2279 1183 2482 1263 ‘Erat
2537 1181 2708 1246 enim
2761 1181 2864 1245 vir

617 1271 738 1334 iste
779 1291 1053 1355 magnae
1096 1267 1518 1333 abstinentiae
1564 1279 1628 1334 et
1669 1268 2020 1354 probabilis
2062 1270 2256 1351 vitae3
2313 1268 2424 1352 qui
2481 1265 2859 1330 constrictus

618 1353 740 1418 adc
784 1375 1043 1417 carnem
1074 1352 1358 1417 cathenis
1402 1353 1643 1435 ferreis,
1686 1353 1909 1418 induto
1939 1354 2217 1439 desuper
2247 1353 2471 1436 cilicio,
2518 1351 2653 1418 solo
2693 1371 2860 1438 pane

618 1439 687 1500 in
745 1438 890 1502 cibo
945 1458 1092 1500 cum
1144 1436 1367 1522 paucis
1422 1436 1734 1502 dactulisd
1777 1437 2096 1502 utebatur.
2182 1437 2259 1502 In
2317 1436 2544 1501 diebus
2603 1445 2820 1501 autem
2835 1449 2861 1480 ⁰

622 1520 1150 1607 quadragesimae
1179 1519 1502 1586 radicibus
1533 1518 1877 1585 herbarum
1899 1520 2387 1607 Aegyptiarum,
2418 1519 2653 1606 quibus
2683 1520 2862 1585 here-

620 1605 812 1669 mitae
855 1614 1138 1685 utuntur,
1183 1603 1590 1669 exibentibus
1634 1604 1756 1669 sibi
1790 1603 2313 1689 negotiatoribus,
2356 1602 2667 1670 alebatur.
2737 1606 2867 1669 Per

620 1687 793 1751 hunc
844 1689 1168 1752 Dominus
1220 1708 1488 1786 magnas
1542 1688 1806 1752 virtutes
1859 1690 2112 1774 operari
2164 1688 2465 1773 dignatus
2521 1699 2636 1771 est,
2696 1710 2862 1775 quae

625 1772 903 1857 scriptae
960 1771 1275 1836 habentur
1329 1794 1397 1834 1n
1453 1769 1636 1835 libris
1692 1771 2076 1837 venerabilis
2128 1773 2252 1837 viri
2308 1770 2608 1859 Gregorii
2661 1773 2864 1838 Turo-

620 1856 835 1919 nensis
852 1855 874 1897 f
926 1856 1142 1941 episco
1190 1856 1233 1917 i.
1317 1855 1526 1941 Igitur
1577 1855 1675 1919 vir
1730 1856 1849 1920 iste
1906 1864 2161 1919 sanctus
2213 1856 2560 1922 adventum
2611 1856 2867 1956 Lango-

622 1938 966 2003 bardorum
1022 1940 1088 2002 in
1131 1877 1373 2003 gallias
1415 1939 1539 2004 hoc
1582 1939 1774 2004 modo
1827 1939 2180 2025 praedixit:
2237 1940 2570 2024 ‘Venient',
2614 1941 2862 2027 inquid,

623 2021 1052 2107 ‘Langobardi
1106 2023 1176 2086 in
1226 2020 1468 2087 Gallias
1527 2033 1591 2088 et
1643 2022 2068 2088 devastabunt
2120 2025 2408 2090 civitates
2466 2034 2731 2125 septem,
2786 2046 2864 2090 eo

624 2107 797 2192 quod
854 2107 1195 2172 increverit
1249 2105 1492 2171 malitia
1552 2128 1769 2171 eorum
1829 2108 1898 2170 in
1956 2118 2302 2194 conspectu
2355 2109 2644 2174 Dommi.
2745 2108 2866 2175 Est

623 2193 794 2255 enim
847 2192 1049 2254 omnis
1115 2212 1200 2276 po
1248 2189 1389 2254 ulus
1493 2191 1741 2255 eriuriis
1784 2189 2069 2274 deditus,
2127 2191 2313 2257 furtis
2358 2195 2674 2260 obnoxius
2691 2241 2707 2273 ,
2765 2215 2864 2257 ra-

621 2275 789 2373 pinis
844 2276 1153 2356 intentuS,
1260 2214 1578 2338 omieiiljjs
1634 2296 1823 2360 prum
1870 2286 1972 2340 tus
1996 2288 2027 2331 8
2036 2299 2052 2359 3
2116 2278 2184 2340 in
2248 2276 2480 2365 quibus
2536 2278 2709 2342 non¹¹
2768 2285 2868 2342 est

621 2359 901 2424 lustitiae
956 2358 1231 2423 fructus:
1295 2379 1423 2422 non
1481 2358 1767 2424 decimae
1865 2370 2083 2443 antur,
2156 2383 2288 2426 non
2334 2383 2587 2463 pauper
2637 2361 2862 2445 alitur,

621 2464 752 2506 non
796 2452 857 2506 te
906 2444 1030 2506 'tur
1071 2443 1303 2525 nudus,
1345 2465 1476 2507 non
1512 2444 1861 2530 suscipitur
1901 2445 2017 2508 hos
2064 2446 2178 2510 itio
2220 2468 2622 2544 per-egmnus.
2707 2445 2866 2510 Ideo

621 2525 781 2592 haec
839 2549 883 2612 p
908 2548 1031 2612 aga
1048 2535 1071 2570 ⁴
1129 2535 1399 2590 ventura
1449 2537 1548 2592 est
1600 2549 1795 2613 super
1893 2550 2019 2614 opu
2045 2552 2154 2593 um
2216 2528 2446 2594 1stum’.
2531 2529 2865 2594 Monachis

625 2632 881 2696 quoque
923 2611 1054 2674 suis
1143 2610 1497 2695 raecipiens
1541 2610 1736 2675 dixit:
1787 2611 1864 2674 ‘A
1914 2612 2151 2677 scedite
2195 2622 2258 2677 et
2296 2634 2413 2677 vos
2455 2634 2497 2676 a
2536 2613 2681 2679 loco
2723 2615 2868 2697 ist0,

623 2693 977 2759 auferentes
1022 2716 1102 2758 vo
1150 2695 1355 2758 iseum
1398 2696 1598 2780 quaei
1643 2694 1909 2762 habetis.
1995 2696 2170 2761 Ecce
2218 2696 2390 2760 enim
2432 2719 2593 2783 gens
2635 2718 2869 2784 appro-

623 2779 801 2863 piatk
903 2800 1054 2842 uam
1113 2777 1444 2864 praedixi'.
1529 2777 1914 2843 Dicentibus
1971 2789 2186 2843 autem
2241 2777 2391 2843 illis:
2459 2781 2624 2845 ‘Non
2677 2780 2866 2846 relin-

668 2883 881 2925 mmus
960 2872 1040 2944 te,
1099 2862 1498 2927 sanctissime
1549 2863 1768 2947 pater',
1824 2861 1942 2925 ait:
1998 2861 2228 2926 ‘Nolite
2284 2864 2508 2928 timere
2564 2885 2682 2949 pro
2740 2885 2866 2928 me.

623 2884 938 3009 {uturum
982 2956 1080 3011 est
1122 2947 1313 3030 enim,
1370 2955 1441 3010 ut
1496 2944 1770 3008 inferant
1823 2943 1979 3007 mihi
2022 2946 2305 3028 iniurias,
2349 2945 2464 3009 sed
2506 2967 2635 3010 non
2676 2967 2867 3013 noce-

622 3029 786 3095 bunt
826 3051 903 3093 us
948 3052 1029 3094 ue
1072 3029 1157 3094 ad
1198 3030 1502 3094 mortem’.
2263 3070 2272 3075 -

793 3113 854 3176 2.
1007 3111 1436 3178 iscedentibus
1460 3122 1484 3156 ⁵
1549 3119 1764 3174 autem
1815 3111 2163 3192 monachis,
2222 3110 2486 3176 advenit
2542 3112 2863 3178 exercitus

623 3195 1201 3281 Langobardorum
1213 3208 1257 3259 θ.
1353 3195 1483 3276 Qui
1530 3192 1684 3257 dum
1741 3203 1974 3260 cuncta
2022 3217 2186 3281 quae
2234 3205 2604 3282 reppererat
2654 3204 2865 3262 vasta-

625 3446 691 3501 a')
724 3449 847 3499 apud
893 3450 933 3489 A
968 3450 1006 3492 l.
1036 3449 1074 3488 F
1108 3452 1128 3489 1
1164 3460 1504 3500 nonnumquam.
1680 3445 1727 3499 a)
1761 3448 1970 3488 inclusus
2017 3447 2058 3488 A
2089 3446 2151 3488 ⁸2.
2184 3449 2228 3490 5.
2276 3449 2319 3489 D
2353 3449 2394 3488 8.
2440 3449 2538 3491 13⁸8.
2569 3449 2612 3491 5.
2661 3447 2704 3489 G
2735 3449 2866 3490 bal).

626 3508 728 3550 111.
759 3509 781 3547 1
813 3508 854 3549 1.
893 3510 934 3550 2.
967 3508 1009 3548 3.
1116 3507 1163 3560 1))
1197 3510 1254 3550 ei.
1290 3531 1342 3539 -
1372 3506 1607 3558 praedixit
1649 3507 1734 3549 des.
1770 3506 1812 3547 G
1846 3509 1868 3546 1
1902 3504 2019 3559 (post
2046 3505 2228 3559 suffla.)-
2260 3509 2301 3549 2.
2335 3506 2408 3549 δα.
2442 3508 2488 3549 1).
2521 3519 2559 3548 c.
2681 3506 2724 3560 c)
2756 3509 2869 3548 dem

627 3567 678 3608 C.
709 3567 768 3607 D.
802 3588 853 3598 -—
890 3577 1074 3606 carnem
1119 3579 1236 3607 corr.
1283 3578 1420 3607 carne
1464 3567 1508 3606 D
1545 3567 1584 3617 1,
1630 3569 1668 3604 ee
1714 3566 1779 3605 ita
1821 3567 1950 3606 ceteri
1992 3567 2035 3606 D
2085 3571 2123 3605 ee
2169 3567 2205 3607 C
2237 3568 2279 3608 2.
2329 3567 2368 3606 Ε
2402 3569 2442 3610 1.
2591 3565 2638 3619 (1)
2673 3567 2869 3608 <laetalis

625 3637 740 3665 corr.
787 3625 969 3666 ductilis
1013 3626 1056 3664 D
1092 3627 1131 3677 1,
1179 3630 1217 3666 et
1263 3628 1328 3666 ita
1380 3627 1577 3676 pler-ique
1622 3624 1680 3675 D,
1736 3630 1966 3675 praeterea
2011 3623 2054 3665 A
2085 3624 2150 3668 ⁹2.
2185 3626 2229 3668 2.
2259 3626 2304 3668 4.
2339 3625 2380 3670 5.
2426 3626 2466 3667 Β
2500 3628 2540 3666 1.
2588 3628 2625 3666 Γ
2657 3627 2701 3667 5.
2750 3624 2793 3666 G
2824 3627 2866 3666 2.

627 3683 699 3724 ba.
718 3684 772 3733 b;
819 3684 1014 3723 (laetalis
1044 3685 1081 3723 P
1114 3688 1153 3725 1.
1188 3685 1230 3726 G
1258 3687 1314 3735 43
1362 3685 1608 3726 dactilibus
1652 3684 1692 3723 B
1727 3686 1769 3727 2.
1902 3682 1946 3735 e)
1978 3685 2090 3724 deone
2122 3684 2164 3725 G
2194 3685 2234 3725 3.
2364 3682 2402 3736 ἴ)
2436 3685 2720 3726 'rotonensis
2752 3683 2793 3724 A
2825 3686 2866 3737 2,

627 3752 742 3782 corr.
788 3743 958 3783 Turon.
1004 3742 1047 3782 A
1080 3745 1121 3783 1.
1151 3746 1190 3785 B
1226 3745 1264 3786 1.
1296 3746 1334 3785 F
1367 3747 1415 3796 13
1461 3746 1637 3786 'rm-on.
1685 3744 1812 3783 ceteri
1947 3741 1993 3794 g)
2025 3743 2090 3783 ita
2136 3744 2177 3785 A
2209 3745 2249 3785 1.
2297 3745 2337 3785 B
2372 3746 2416 3784 1.
2450 3745 2491 3787 3.
2521 3746 2559 3785 F
2595 3748 2634 3786 1.
2670 3744 2712 3784 G
2743 3745 2785 3785 1.
2817 3744 2868 3794 43

627 3801 928 3849 impromptus
958 3801 999 3840 A
1031 3802 1074 3841 2.
1192 3803 1241 3856 h)
1274 3804 1431 3843 nullus
1462 3804 1501 3843 A
1535 3800 1597 3843 ·³.
1732 3799 1770 3854 i)
1801 3802 1958 3843 omnia
1988 3814 2032 3852 q.
2066 3802 2102 3845 C
2139 3805 2178 3846 1.
2298 3803 2349 3856 k)
2379 3801 2720 3857 ap(d)proprlat
2747 3803 2790 3843 A
2823 3804 2864 3843 1.

626 3858 665 3897 Β
701 3859 750 3907 1;
799 3863 1078 3908 approperat
1120 3862 1159 3901 B
1192 3862 1242 3910 23
1288 3860 1704 3914 ap(d)propiuquat
1748 3860 1790 3901 A
1822 3862 1864 3902 8.
1896 3861 1938 3902 4.
1974 3862 2015 3903 ὅ.
2065 3861 2101 3903 O
2122 3863 2199 3903 41³.
2230 3863 2269 3903 Ε
2304 3864 2348 3904 1.
2381 3862 2420 3904 G
2452 3863 2496 3915 3,
2526 3873 2621 3903 eum
2652 3862 2779 3912 arey.
2811 3882 2867 3892 -

629 3927 744 3965 gens
774 3918 886 3956 deese
918 3917 959 3956 G
990 3919 1032 3968 2,
1063 3919 1139 3957 ubi
1162 3930 1299 3969 quam
1329 3921 1534 3970 predixit
1560 3932 1674 3961 corr.
1708 3921 1831 3970 quod
1860 3921 2068 3971 predum
2099 3923 2221 3971 quod
2254 3921 2296 3962 G
2326 3921 2370 3962 3.
2490 3919 2527 3972 1)
2558 3921 2866 3971 relinquimus

628 3987 742 4016 corr.
773 3976 1088 4026 relinquemus
1120 3978 1162 4018 D
1196 3981 1236 4031 1,
1267 3984 1306 4018 ee
1334 3979 1399 4018 ita
1428 3980 1557 4019 ceteri
1585 3980 1643 4033 D,
1668 3984 1898 4030 praeterea
1930 3978 1966 4021 C
2001 3981 2130 4022 1-8,
2165 3980 2207 4022 G
2239 3982 2279 4021 8.
2390 3980 2463 4022 52.
2494 3980 2540 4020 b.

636 4208 691 4275 1)
733 4208 814 4277 CJ.
854 4210 1011 4279 (ἵν-69.
1062 4209 1189 4262 Tur.
1229 4208 1335 4272 IV,
1375 4211 1463 4261 42.
1652 4208 1713 4278 2)
1749 4210 1902 4262 Haec
1938 4228 2005 4263 ex
2044 4211 2198 4280 Greq.
2245 4211 2373 4263 Tur.
2425 4210 2517 4278 VI,
2576 4213 2629 4263 6.
2686 4219 2864 4264 sumta

631 4290 754 4333 eunt
766 4302 786 4343 ,·
826 4290 880 4336 et
905 4285 1055 4351 prob.
1081 4285 1226 4335 vitae
1252 4283 1477 4334 Paulus.
1627 4282 1687 4350 3)
1710 4283 1902 4335 Nizza.
2053 4284 2112 4351 4)
2150 4285 2316 4351 plaga
2352 4288 2661 4352 supervenit
2686 4285 2864 4354 Grey„

631 4359 780 4427 cujus
816 4359 979 4410 verba
1014 4373 1409 4422 nonnumquam
1445 4357 1670 4408 mutavit
1707 4356 1933 4408 Paulus.
2133 4359 2190 4424 5)
2228 4359 2317 4410 Ex
2357 4358 2513 4426 Grey.
2564 4358 2657 4421 VJ,
2698 4359 2751 4412 6.
2790 4358 2867 4411 ad

629 4433 844 4484 verbum
865 4432 992 4497 fere
1028 4430 1366 4495 exscriptum.
1515 4430 1574 4498 6)
1611 4448 1745 4499 gens
1783 4431 1879 4482 illa
1919 4429 2077 4497 (ἔτερ.
