3042 4909
541 405 643 455 154
847 402 1065 453 PAULI
1103 400 1450 453 HISTORIA
1489 372 2157 454 LANGOBARDORUDI.
2232 399 2375 450 LIB.
2416 400 2512 451 IV.

536 572 675 635 viro
754 591 867 633 suo
943 567 1385 633 Grudescalcoa
1460 568 1718 631 nomine
1792 565 1872 631 de
1960 566 2213 631 civitate
2285 566 2622 631 Parmensi
2696 564 2780 630 ab

537 654 868 719 exereitub
929 651 1273 717 Gallicini⁰
1325 651 1611 737 patricii,
1665 660 1730 716 et
1784 650 1913 715 add
1973 648 2201 714 urbem
2268 650 2780 715 Ravennatium⁰

537 747 685 802 sunt
727 737 1005 802 deducti.
1095 736 1239 801 Hoc
1328 757 1541 822 uoque
1570 745 1860 821 tempore
1903 734 2078 798 misit
2102 732 2356 820 Agilulf
2379 757 2497 799 rex
2539 755 2779 798 cacano

534 844 603 886 re
652 822 676 885 i
743 821 1108 885 Avarorum
1171 820 1291 884 arti
1341 841 1445 884 ces
1500 818 1583 883 ad
1644 818 1973 884 faciendas
2036 841 2265 901 naves,
2340 840 2485 883 cum
2548 817 2783 904 quibus

535 907 588 968 is
636 927 737 969 em
781 926 1057 968 cacanus
1100 902 1370 968 insulam
1416 903 1740 988 quandam
1782 903 1849 965 in
1891 901 2167 966 Thracia
2182 903 2205 945 f
2246 923 2373 1002 exp
2508 904 2657 967 avit.

423 1005 517 1059 (22)
704 989 804 1052 21.
910 990 1037 1054 Per
1098 988 1272 1052 idem
1345 1008 1472 1074 quo
1520 998 1649 1051 ue&
1719 996 1976 1073 tempus
2041 985 2399 1051 Theudehn
2444 1008 2483 1049 a
2556 985 2779 1077 regina

538 1071 871 1136 basilicam
937 1072 1109 1137 beati
1149 1071 1454 1136 Iohannis
1544 1091 1583 1134 a
1629 1071 1841 1153 tistae,
1901 1091 2093 1155 quam
2149 1070 2218 1134 in
2260 1071 2579 1135 Modicia¹1
2632 1090 2782 1134 con-

541 1167 861 1221 struxerat
873 1159 914 1237 *‚
1017 1156 1087 1219 ui
1126 1154 1308 1233 locus
1352 1177 1548 1240 supra
1653 1152 2046 1221 ediolanumi
2091 1153 2475 1220 duodecimk
2520 1151 2781 1218 milibus

540 1238 789 1322 abest¹,
886 1238 966 1303 de
1016 1239 1208 1304 'cavit
1287 1237 1632 1325 multisque
1712 1238 2099 1303 ornamentis
2187 1238 2328 1303 auri
2404 1238 2780 1324 argentique

311 1342 386 1396 ἰ».
419 1347 520 1387 124.
541 1324 867 1390 decoravit
885 1336 906 1370 ¹
950 1322 1356 1408 praediisque
1373 1333 1414 1365 ¹¹¹
1458 1322 1884 1388 *sufficienter
1912 1322 2137 1388 ditavit
2152 1324 2227 1387 **.
2315 1321 2461 1403 Quo
2512 1323 2580 1386 in
2636 1320 2780 1387 loco

603 1485 650 1552 ⁸)
688 1489 734 1537 F
775 1487 825 1536 2.
866 1484 943 1537 ⁸2.
983 1486 1053 1535 2a
1091 1485 1326 1537 addunt:
1368 1501 1462 1552 pro
1489 1501 1548 1536 se
1579 1491 1633 1535 et
1665 1501 1760 1551 pro
1798 1487 1911 1537 viro
1951 1501 2047 1536 suo
2076 1491 2131 1536 et
2165 1501 2261 1552 pro
2299 1484 2425 1536 filiis
2462 1501 2528 1536 ac
2566 1484 2781 1537 filiabus

688 1564 742 1610 et
780 1575 876 1626 pro
918 1561 1124 1610 cunctis
1161 1557 1537 1624 Langobardis
1575 1558 1938 1620 Italiensibus,
1989 1565 2049 1609 ut
2085 1561 2203 1625 ipse
2254 1564 2470 1610 sanctus
2509 1559 2781 1610 Iohannes

687 1634 757 1683 sit
793 1634 1115 1683 intercessor
1153 1648 1248 1698 pro
1296 1633 1501 1682 cunctis
1540 1631 1917 1696 Langobardis
1955 1630 2025 1681 ad
2063 1632 2370 1695 Dominum,
2411 1637 2464 1682 et
2500 1631 2580 1682 illi
2617 1648 2782 1683 vove·

685 1710 808 1756 runt
843 1706 983 1756 inter
1018 1720 1077 1755 se
1116 1705 1435 1755 unanimiter
1483 1704 1713 1755 maiores
1751 1709 1881 1755 natu
1934 1720 2054 1754 cum
2090 1719 2220 1770 rege
2278 1720 2374 1756 suo
2414 1710 2469 1756 et
2503 1720 2611 1755 uua
2658 1721 2781 1755 cum

686 1776 1062 1829 Theodelinda
1097 1779 1286 1843 regina
1326 1782 1487 1843 atque
1530 1776 1802 1828 dixerunt:
1843 1777 1920 1829 ‘Si
1944 1783 2161 1829 sanctus
2187 1777 2456 1829 Iohannes
2494 1794 2588 1845 pro
2626 1779 2783 1830 nobis

685 1851 1054 1918 interpellator
1090 1852 1160 1901 sit
1197 1850 1266 1901 ad
1311 1849 1583 1901 dominum
1620 1855 1855 1901 nostrum
1881 1850 2064 1903 Iesum
2092 1850 2377 1914 Christum,
2416 1858 2558 1902 nos¹¹
2597 1867 2781 1903 omnes

684 1925 1005 1976 unanimiter
1041 1922 1356 1989 pollicemur
1389 1923 1471 1973 illi
1511 1924 1760 1990 omnique
1800 1939 1938 1975 anno
1970 1925 2028 1974 in
2064 1924 2153 1975 die
2192 1925 2487 1975 nativitatis
2525 1940 2640 1987 sue,
2678 1925 2784 1976 hoc

690 2003 772 2048 est
809 1997 861 2050 8.
889 1996 1011 2049 Kal.
1040 1996 1183 2057 Iulii,
1224 1996 1292 2047 de
1330 1997 1526 2048 nostris
1562 1996 1907 2048 facultatibus
1944 1999 2345 2049 transmissuros
2382 1996 2673 2049 honorifice
2711 1999 2782 2050 ad

687 2070 959 2122 oraculum
1003 2072 1135 2133 eius,
1174 2075 1233 2122 ut
1256 2084 1353 2137 per
1387 2070 1535 2120 illius
1573 2069 2059 2137 interpellationem
2086 2071 2381 2122 habeamus
2406 2072 2658 2121 iuvamen
2686 2070 2779 2122 do-

684 2145 815 2194 mini
852 2145 1026 2195 nostri
1064 2143 1193 2194 Iesu
1232 2142 1430 2195 Christi
1467 2149 1577 2193 tam
1615 2144 1673 2193 in
1712 2142 1854 2195 bello
1895 2159 2054 2210 quam
2092 2145 2146 2194 in
2192 2144 2436 2196 omnibus
2471 2143 2624 2207 locis,
2661 2144 2783 2194 ubi-

688 2232 915 2283 cumque
954 2217 1081 2267 ituri
1120 2216 1331 2267 sumus’.
1405 2215 1490 2267 Ab
1530 2214 1625 2268 illo
1665 2232 1793 2285 ergo
1834 2216 1922 2268 die
1966 2219 2022 2266 in
2060 2218 2304 2268 omnibus
2346 2217 2556 2268 actibus
2598 2232 2782 2268 eorum

690 2295 949 2357 ceperunt
979 2291 1230 2340 invocare
1268 2294 1511 2340 sanctum
1551 2289 1862 2357 Iohannem,
1904 2294 1963 2340 ut
1999 2289 2108 2341 illis
2145 2290 2394 2357 preberet
2433 2289 2688 2341 auxilium
2726 2291 2784 2340 in

684 2365 882 2414 virtute
915 2362 1120 2414 domini
1155 2364 1322 2413 nostri
1360 2362 1485 2413 Iesu
1517 2362 1732 2428 Christi,
1775 2368 1829 2412 et
1863 2362 1946 2412 illi
1985 2378 2168 2415 omnes
2220 2364 2606 2430 permanebant
2640 2362 2783 2414 illesi

686 2438 1024 2502 victoresque
1065 2438 1379 2487 exstiterunt
1415 2451 1576 2502 super
1615 2441 1834 2487 cunctos
1873 2435 2208 2488 adversarios
2248 2452 2445 2488 corum.

580 2542 649 2613 ”)
687 2547 732 2595 F
772 2544 820 2593 2,
864 2542 941 2594 *2.
983 2545 1049 2593 2ει
1108 2543 1344 2596 addunt:
1420 2545 1654 2596 familias
1706 2561 1771 2596 ac
1820 2547 2186 2612 possessiones
2238 2545 2433 2597 multas
2483 2548 2539 2596 in
2592 2545 2783 2597 eodem

687 2619 808 2670 loco
847 2618 1154 2683 subiugavit
1177 2620 1235 2668 in
1272 2619 1473 2670 honore
1512 2620 1688 2670 sancti
1727 2619 1960 2685 baptiste
1998 2619 2270 2671 Iohannis.
2328 2619 2590 2670 Dicamus
2628 2619 2783 2671 offer·

687 2693 892 2742 sionem
935 2693 1194 2758 scripture
1219 2691 1591 2742 Theodelinde
1635 2693 1849 2757 regine:
1891 2692 2079 2743 ‘Offert
2114 2692 2499 2758 gloriosissima
2534 2692 2780 2744 Theode-

685 2763 837 2814 linda
872 2765 1061 2829 regina
1096 2779 1205 2814 una
1245 2780 1365 2814 cum
1402 2763 1514 2816 filio
1555 2780 1652 2817 suo
1689 2764 1959 2816 Adalvald
1995 2766 2161 2831 reg-0²
2197 2771 2384 2816 sancto
2420 2765 2651 2816 Iohanni
2685 2781 2783 2832 pa·

686 2842 839 2887 trono
878 2852 973 2887 suo
1015 2836 1082 2886 de
1141 2835 1280 2887 dono
1319 2838 1427 2887 Dei
1485 2843 1540 2888 et
1578 2837 1645 2888 de
1705 2837 1917 2889 dotibus
1973 2841 2083 2890 suis
2142 2838 2400 2889 cartulam
2461 2838 2779 2902 donationis,

687 2924 846 2975 quam
885 2914 939 2959 et
976 2924 1187 2959 suorum
1224 2912 1496 2975 presentia
1532 2911 1766 2962 scribere
1804 2912 1931 2964 fecit
1945 2910 1987 2962 ².
2080 2912 2180 2963 Si⁰
2215 2914 2334 2978 quis
2372 2910 2610 2977 quolibet
2646 2917 2782 2962 tem-

685 2997 814 3048 pore
852 2981 993 3031 hanc
1031 2982 1414 3032 donationeml)
1471 2983 1762 3035 voluntatis
1801 3000 1896 3035 sue
1955 2985 2278 3051 corruperit,
2333 2986 2389 3035 in
2441 2983 2634 3034 iudicii
2690 2983 2782 3034 die

687 3070 806 3105 cum
838 3054 977 3105 Iuda
1013 3054 1266 3106 traditore
1306 3053 1654 3123 dampnetur’.
1732 3057 2011 3110 Ordinatio
2049 3074 2176 3109 vero
2205 3059 2318 3109 eius
2356 3055 2481 3108 talis
2505 3056 2633 3108 fuit:
2673 3056 2778 3108 ‘De

538 3198 584 3250 a)
616 3198 678 3238 ita
726 3197 767 3237 A
800 3200 839 3240 1.
876 3199 914 3241 2.
945 3199 982 3238 Γ
1017 3201 1057 3240 1.
1091 3198 1132 3240 G
1166 3201 1215 3249 13
1263 3199 1586 3242 Godeschalco
1632 3201 1674 3241 A
1707 3202 1759 3252 83
1807 3201 2093 3244 Godescalco
2139 3201 2181 3242 A
2211 3204 2255 3243 4.
2289 3202 2330 3243 5.
2364 3202 2399 3244 C
2432 3204 2474 3243 1.
2504 3203 2546 3242 D
2583 3204 2622 3243 1.
2657 3205 2699 3245 2.
2733 3203 2780 3242 3.

536 3259 573 3297 F
604 3258 649 3297 4.
682 3257 723 3299 G
756 3257 797 3298 2.
832 3257 904 3298 5a.
955 3258 978 3297 1
1012 3261 1065 3307 13
1115 3258 1430 3300 Godescalcho
1474 3261 1512 3299 F
1544 3261 1595 3310 ὃς
1644 3260 1930 3302 Godescaldo
1977 3262 2019 3302 A
2050 3263 2092 3303 6.
2141 3261 2176 3302 Ο
2208 3260 2277 3311 '23
2327 3261 2610 3302 Gadescalco
2655 3263 2695 3302 B
2729 3263 2779 3311 23

539 3315 826 3357 Godeccalco
859 3315 900 3355 A
931 3312 994 3357 ’3.
1133 3316 1181 3370 b)
1216 3319 1467 3359 exercitum
1498 3319 1537 3359 E·
1572 3321 1612 3360 1.
1749 3318 1792 3371 c)
1827 3319 2050 3361 Gallinlci
2083 3322 2126 3360 D
2159 3323 2182 3360 1
2230 3332 2252 3361 c
2281 3332 2412 3368 corr„
2445 3325 2484 3360 ce
2510 3322 2575 3360 ita
2606 3321 2688 3360 alii
2716 3321 2778 3361 D.

538 3373 584 3427 d)
617 3376 728 3415 deest
757 3377 811 3415 F.
847 3375 888 3415 G
921 3377 1060 3426 1—4;
1092 3377 1143 3417 in
1176 3376 1216 3417 G
1248 3378 1382 3419 5a.1›.
1501 3379 1548 3427 e)
1579 3378 1954 3420 Ravennantium
1984 3380 2025 3420 A
2057 3381 2098 3420 2.
2132 3382 2175 3420 4.
2209 3380 2253 3419 6.
2288 3378 2324 3420 C
2356 3376 2419 3421 ’1.
2455 3382 2496 3423 1.
2526 3379 2569 3419 D
2605 3381 2643 3419 1.
2676 3381 2777 3420 ΕΙ.

536 3436 573 3474 F
610 3436 647 3476 1.
683 3434 782 3485 (34,
814 3445 836 3474 c
865 3445 981 3476 corr.
1015 3434 1150 3486 G5c3
1179 3436 1237 3485 qt.
1266 3447 1404 3486 supra
1428 3437 1598 3486 p.‘10⁷
1630 3447 1677 3477 n.
1708 3438 1752 3479 b.
1788 3460 1840 3468 —
1872 3438 2070 3480 deducta
2098 3439 2193 3479 Pl.
2287 3437 2324 3490 s)
2358 3438 2557 3478 Trachia
2586 3437 2628 3476 A
2661 3438 2701 3477 3.
2734 3438 2777 3477 5.

535 3494 573 3533 Β
610 3495 649 3536 2.
682 3493 725 3535 G
756 3495 797 3534 1.
826 3494 872 3536 4.
904 3493 985 3544 ὄις
1017 3493 1296 3535 Thrachiam
1327 3506 1439 3536 corr.
1488 3497 1687 3536 Thracia
1720 3496 1761 3537 G
1791 3498 1842 3546 83
1887 3497 2054 3537 Tracia
2096 3497 2131 3539 C
2166 3500 2207 3537 1.
2240 3497 2282 3536 D
2316 3498 2357 3538 3.
2391 3497 2428 3536 Γ
2462 3499 2500 3537 1.
2532 3497 2555 3537 Ι
2589 3499 2635 3546 13
2666 3497 2777 3536 Τη-

538 3553 655 3592 ciam
702 3552 743 3592 A
776 3554 818 3593 6.
851 3553 896 3592 Η
932 3555 970 3593 1.
1103 3551 1149 3604 g)
1184 3554 1296 3594 deest
1329 3553 1371 3595 G
1402 3556 1444 3595 2.
1498 3577 1551 3585 -
1597 3558 1778 3606 tempus
1818 3560 1920 3604 post
1948 3557 2090 3606 suppl.
2122 3556 2160 3595 F
2194 3557 2235 3597 1.
2356 3553 2406 3607 h)
2435 3556 2620 3596 Modica
2661 3557 2700 3596 B
2734 3556 2775 3597 2.

537 3610 572 3651 C
608 3614 657 3660 13
705 3611 945 3667 Moedecia
990 3617 1039 3651 ut
1083 3613 1251 3652 videtur
1298 3624 1414 3653 corr.
1460 3614 1664 3653 Modicia
1711 3613 1752 3654 G
1784 3614 1834 3662 33
1882 3615 2116 3655 Modoetia
2160 3615 2197 3654 l?
2230 3615 2311 3663 2a3
2357 3614 2413 3664 cf.
2459 3614 2587 3664 infra
2635 3625 2669 3654 c.
2703 3614 2774 3656 27.

536 3667 570 3719 i)
603 3670 667 3708 ita
683 3670 761 3708 hoc
788 3670 880 3709 loco
913 3681 1056 3710 omnes
1074 3670 1197 3722 seru
1230 3670 1664 3713 MediolaniumG3
1696 3673 1897 3724 saepiam
1928 3673 1987 3722 εἰ.
2003 3684 2143 3723 supra
2152 3684 2203 3722 p.
2221 3674 2306 3714 108
2322 3683 2368 3715 n.
2386 3674 2430 3714 b.
2450 3678 2547 3724 etp.
2567 3673 2649 3714 157
2666 3684 2711 3715 n.
2729 3673 2775 3714 b.

534 3725 584 3779 k)
615 3727 837 3768 tredecim
868 3729 910 3768 A
942 3729 990 3778 33
1036 3730 1252 3770 undecim
1284 3729 1327 3771 G
1353 3731 1397 3770 4.
1548 3730 1583 3782 l)
1616 3731 1748 3771 adest
1786 3732 1827 3772 A
1861 3734 1899 3773 1.
1933 3733 1972 3771 2.
2120 3731 2184 3783 m)
2210 3732 2353 3783 perois
2381 3733 2421 3772 B
2456 3735 2497 3774 1.
2648 3730 2696 3784 n)
2731 3734 2779 3772 et

538 3795 621 3826 nos
652 3785 689 3824 Γ
719 3782 782 3827 ’2.
901 3784 948 3838 o)
980 3788 1090 3827 dom
1119 3789 1156 3828 F
1189 3785 1251 3829 ’2.
1372 3788 1422 3841 p)
1454 3790 1566 3829 deest
1595 3790 1633 3829 F
1668 3791 1706 3829 2.
1741 3787 1811 3839 ’2;
1842 3793 2006 3831 testem
2033 3792 2095 3830 cd.
2130 3791 2231 3832 Asc.

541 3917 591 3980 1)
635 3913 810 3967 Codex
848 3917 1257 3985 evangeliorum,
1318 3920 1496 3971 aureis
1554 3921 1829 3986 operculis,
1887 3938 2002 3973 cum
2055 3920 2395 3988 inscriptione
2445 3919 2774 3974 dedicatoria

545 3987 949 4052 Theodelindae,
990 3988 1227 4055 depictus
1267 3992 1418 4057 apud
1452 3991 1620 4058 Risi,
1660 3992 1814 4046 Mem.
1853 3994 1913 4045 di
1938 3993 2135 4046 Monza
2174 3993 2289 4058 III,
2319 3993 2408 4045 58.
2488 3993 2771 4061 Corporale

536 4079 653 4112 cum
688 4063 1221 4128 monogrammatibus
1259 4071 1307 4115 et
1343 4063 1699 4130 inscriptione,
1724 4067 1967 4134 sortasse
2006 4068 2073 4118 ab
2109 4068 2232 4133 ipsa
2268 4066 2633 4120 Theodelinda
2670 4083 2770 4117 acu

527 4133 750 4198 pictum,
789 4133 918 4186 ibid.
951 4135 1072 4186 184.
1131 4134 1401 4188 schedula
1425 4136 1775 4204 reliquiarum
1814 4156 1948 4206 quas
1979 4139 2027 4191 b.
2059 4139 2345 4208 Greqorius
2381 4138 2771 4192 modolindae

536 4207 844 4269 transmisit,
881 4206 1014 4259 ibid.
1056 4207 1136 4271 II,
1169 4210 1217 4259 1.
1287 4211 1399 4261 BE.
1554 4209 1611 4278 2)
1650 4212 2040 4264 Bonincontrus
2068 4212 2318 4280 Moriqia,
2356 4212 2627 4264 Mur-acori
2665 4210 2769 4263 SS.

534 4276 670 4341 XII,
700 4295 763 4343 p.
806 4281 962 4341 1071,
987 4280 1081 4345 qui
1106 4282 1327 4334 candem
1365 4290 1566 4334 cartam
1593 4284 1807 4350 excepit,
1846 4286 2026 4337 addit:
2065 4287 2184 4353 ipsa
2215 4286 2303 4338 die
2328 4287 2384 4337 in
2422 4289 2610 4353 quain
2648 4301 2769 4353 pre·

535 4352 707 4401 sentia
745 4353 912 4417 patris
952 4362 1231 4406 coronatus
1271 4362 1352 4406 est
1389 4357 1481 4407 ibi.
