3042 4909
542 398 762 449 PAULI
800 397 1150 450 HISTORIA
1190 397 1863 450 LANGOBARDORUM.
1938 397 2081 453 LIB.
2123 399 2196 451 11.
2422 398 2489 449 81

249 562 441 628 simas
485 563 887 648 pervenirent
952 562 1226 629 divitias.
1336 562 1736 650 Gepidorum
1792 585 1944 628 vero
1987 564 2078 629 ita
2139 587 2343 651 genus
2398 576 2496 632 est

250 646 680 729 deminutum,
737 656 809 711 ut
851 657 977 711 ex·
1031 645 1136 712 illo
1191 649 1320 711 iam
1364 657 1651 734 tempore
1707 646 1874 713 ultra
1930 669 2061 712 non
2109 647 2490 715 habuerintb

254 753 321 796 re
368 753 471 795 em
487 743 529 797 ¹.
598 729 730 797 Sed
760 731 1040 797 universi
1072 733 1182 818 qui
1213 752 1547 817 superesse
1576 730 1774 796 bello⁰
1805 741 2101 830 poterant
2128 733 2281 797 aut⁶
2325 732 2491 797 Lan-

247 753 548 899 gobardis
610 814 879 879 subiecti
948 825 1115 897 sunt,
1170 824 1311 879 aute
1378 836 1584 915 usque
1631 814 1879 898 *hod1e,
1945 816 2200 880 Hunnis
2265 837 2488 881 eorum
2515 833 2581 888 ‘p.
2616 837 2686 879 το.

247 898 521 984 pat-riam
550 896 1042 983 possidentibus,
1090 896 1251 963 duro
1280 900 1550 983 impeno
1583 898 1856 964 subiecti
1882 908 2167 985 gemunt.
2258 898 2494 965 Alboin

248 1002 399 1046 vero
444 982 537 1046 ita
578 981 979 1066 praeclarum
1020 981 1209 1067 longe
1237 979 1494 1069 lateque
1521 1003 1756 1047 nomen
1783 976 2165 1069 percrebuit,
2230 993 2304 1049 ut
2345 983 2494 1050 hac-

250 1075 436 1130 tenus
469 1064 661 1130 etiam
700 1075 832 1129 tam
872 1074 1030 1151 aput
1057 1065 1537 1130 Baioariorum‘
1635 1075 1846 1131 entem
1948 1088 2227 1153 uarnque
2273 1076 2336 1132 et
2380 1067 2492 1134 Sa-

247 1171 490 1213 xonum
509 1160 556 1231 8,
588 1148 704 1214 sed
741 1157 804 1213 et
829 1149 987 1216 alios
1018 1149 1306 1214 eiusdem
1334 1147 1589 1236 linguae
1665 1151 1907 1215 omines
1987 1150 2120 1215 eius
2148 1149 2493 1217 liberalitas

248 1242 311 1297 et
351 1231 556 1318 gloria
584 1231 1023 1320 bellorumque
1052 1231 1318 1299 felicitas
1363 1242 1426 1298 et
1453 1234 1657 1298 virtus
1700 1233 1796 1297 ini
1858 1254 2075 1298 eorum
2105 1233 2493 1300 carminibus

249 1314 669 1382 celebreturk.
733 1317 934 1380 Arma
963 1338 1219 1404 quoque
1247 1318 1595 1403 praecipua
1625 1315 1743 1381 sub
1777 1337 1851 1382 eo
1893 1317 2203 1384 fabricata
2241 1318 2436 1384 fuisse
2455 1321 2492 1403 ¹,

244 1421 285 1464 a
327 1399 543 1465 multis
587 1399 918 1487 hueusque
960 1409 1325 1465 narraturm.

683 1486 1218 1563 EXPLICIT¹¹
1271 1486 1580 1562 LIBER
1630 1485 2033 1563 PRIMUS.

497 1683 992 1751 ΙΝΟῘΡΙΠΝΤο
1039 1683 1488 1751 CAPITULA
1532 1685 1773 1751 LIBRI
1819 1684 2231 1751 SECUNDI.

286 1807 341 1869 1.
431 1805 770 1886 Quomodo
820 1804 1231 1891 Langobardi
1291 1805 1591 1871 conducti
1655 1827 1695 1869 a
1742 1806 2009 1871 Narsete
2061 1805 2438 1873 chartolario
2460 1819 2488 1862 Ρ

431 1889 639 1955 eidem
670 1896 889 1954 contra
920 1887 1166 1954 Gothos
1209 1888 1523 1954 auxilium
1567 1892 2038 1975 praestiterunt.

242 2049 286 2102 a)
333 2050 445 2090 deest
494 2051 534 2092 G
567 2052 590 2091 1
639 2050 755 2104 (post
800 2050 934 2105 aad).
982 2052 1022 2093 2.
1058 2052 1098 2092 8.
1131 2053 1175 2095 4.
1325 2049 1373 2104 b)
1420 2052 1635 2093 habuerit
1682 2050 1724 2091 G
1759 2052 1796 2091 1.
1833 2052 1876 2091 2.
1909 2052 1962 2101 43
2010 2051 2236 2095 haberent
2281 2054 2323 2094 D
2360 2055 2399 2096 2.
2435 2055 2477 2097 8.

243 2108 285 2161 c)
312 2110 425 2150 deest
455 2111 494 2150 B
530 2111 567 2152 1.
690 2108 736 2161 d)
770 2111 830 2150 ad
861 2121 975 2152 corr.
1010 2115 1090 2150 aut
1118 2112 1154 2150 F
1190 2113 1239 2161 13
1272 2121 1314 2151 a.
1346 2112 1383 2151 F
1415 2108 1477 2152 ’2.
1511 2111 1554 2150 4.
1590 2110 1632 2152 G
1666 2110 1802 2159 1-4;
1833 2110 1943 2149 deese
1973 2111 2069 2152 Pb.
2106 2110 2148 2151 G
2180 2111 2313 2155 5a.b.
2341 2113 2484 2156 c.18.

243 2165 285 2219 Θ)
320 2172 366 2209 et
397 2168 453 2210 G.
573 2165 611 2220 t‘)
639 2169 974 2210 Bavoariorum
1007 2169 1049 2209 A
1079 2167 1149 2219 ‘83
1179 2170 1508 2210 Baiuariorum
1540 2170 1577 2209 F
1606 2170 1653 2219 ις
1685 2169 2043 2209 Baiuvariorum
2077 2167 2112 2210 O
2144 2166 2205 2211 ’1.
2243 2170 2285 2211 G
2315 2171 2363 2212 in
2389 2172 2489 2222 pri-

244 2227 390 2267 oribus
420 2227 545 2266 libris
574 2233 836 2269 constanter.
972 2227 1019 2280 g)
1053 2227 1281 2269 Saxorum
1310 2228 1352 2268 A
1387 2230 1427 2269 1.
1462 2228 1510 2278 33
1552 2227 1843 2269 saxonorum
1874 2227 1910 2267 P
1945 2229 1982 2267 1.
2016 2226 2057 2268 G
2090 2230 2129 2267 1.
2160 2228 2203 2271 8.
2326 2227 2375 2282 h)
2408 2231 2486 2271 ho·

242 2287 379 2326 minis
411 2287 448 2326 F
483 2288 523 2327 1.
560 2286 600 2327 G
633 2288 671 2328 1.
804 2285 840 2338 i)
874 2288 984 2327 deest
1013 2288 1051 2327 B
1086 2288 1127 2329 2.
1249 2284 1299 2339 k)
1333 2287 1534 2327 celebret
1572 2287 1610 2326 F
1645 2288 1686 2326 1.
1720 2285 1762 2326 G
1796 2287 1835 2327 1.
1955 2284 1990 2337 1)
2025 2286 2189 2327 fuisset
2217 2288 2254 2327 F
2287 2289 2329 2329 1.
2365 2287 2407 2329 G
2441 2290 2482 2330 1.

240 2342 301 2395 m)
335 2349 584 2385 narrantur
614 2345 650 2386 Ο
686 2346 723 2386 1.
757 2346 794 2385 F
827 2348 868 2388 2.
903 2345 945 2387 G
976 2345 1043 2388 bc.
1166 2343 1216 2397 n)
1245 2346 1477 2386 Historiae
1517 2344 1728 2393 Langob.
1776 2343 1900 2393 expl.
1931 2342 1973 2383 A
2006 2344 2047 2385 8.
2079 2345 2131 2394 4;
2175 2346 2247 2386 ΒΘ
2291 2347 2485 2388 historia

239 2402 386 2452 Lang.
421 2403 546 2454 expl.
578 2403 685 2452 1¹53
717 2404 746 2444 l.
781 2405 971 2456 primus,
997 2409 1098 2455 poet
1127 2405 1230 2445 add.
1263 2405 1425 2445 istorio
1455 2404 1665 2453 Langob.
1699 2403 1740 2442 D
1776 2403 1825 2451 13
1856 2402 1983 2442 Finit
2014 2403 2133 2443 liber
2160 2405 2337 2454 primus
2369 2405 2482 2456 1223

240 2462 339 2502 haec
370 2464 569 2502 omittunt
598 2463 635 2502 F
654 2464 693 2503 1.
716 2461 816 2505 Ga.
835 2465 877 2515 4,
910 2463 1000 2505 alii.
1095 2462 1140 2514 o)
1174 2464 1345 2513 Incipit
1376 2463 1432 2503 de
1465 2463 1662 2502 historia
1693 2461 1899 2511 capitula
1914 2461 1944 2502 l.
1965 2471 2000 2502 s.
2019 2461 2128 2511 A2;
2163 2463 2416 2512 capituliD
2444 2466 2481 2505 l.

241 2520 425 2561 Indicam
471 2522 669 2561 omittunt
698 2520 739 2561 A
771 2518 834 2564 ⁸2.
869 2522 911 2564 6.
944 2523 983 2562 B
1018 2523 1087 2561 ila.
1132 2523 1171 2561 Ε
1202 2523 1245 2563 4.
1278 2522 1330 2563 F.
1367 2521 1408 2563 G
1440 2521 1511 2562 ab.
1545 2521 1567 2561 1
1600 2522 1650 2570 2;
1682 2520 1843 2560 codices
1877 2519 1914 2560 G
1952 2520 1992 2559 1.
2026 2520 2068 2560 2.
2103 2520 2144 2560 8.
2176 2521 2218 2560 4.
2255 2518 2315 2564 ⁸5.
2351 2522 2480 2566 amc.

237 2579 301 2619 ita
334 2580 546 2620 exhibent:
581 2583 622 2621 1.
656 2581 727 2620 De
761 2591 815 2622 eo
848 2581 971 2630 quod
1000 2581 1170 2622 Nax-ses
1202 2581 1425 2631 patricius
1458 2580 1640 2629 legatos
1658 2579 1717 2618 ad
1760 2578 1936 2619 Albula
1968 2578 2141 2630 dirigit,
2175 2583 2403 2630 quatenus
2436 2582 2482 2622 ei

236 2642 549 2688 pugnaturum
581 2637 709 2691 <—ro
743 2636 787 2691 2)
821 2650 924 2679 cum
957 2639 1119 2680 Gothis
1150 2639 1381 2680 auxilium
1413 2639 1720 2688 ministraren
1766 2639 1812 2678 et
1845 2637 1901 2678 de
1946 2641 2094 2678 morte
2125 2638 2309 2682 'rotilae
2341 2640 2479 2689 regis.

237 2697 277 2738 2.
311 2699 384 2737 ΒΘ
416 2707 471 2737 eo
504 2698 627 2747 quod
657 2699 943 2739 Buccillinus
975 2701 1020 2738 et
1050 2696 1279 2747 Amingus
1324 2697 1528 2751 (Emingi
1563 2699 1611 2749 13
1668 2696 1917 2745 Hemming
1948 2694 1992 2747 2)
2026 2697 2309 2738 Francorum
2343 2699 2482 2740 duces

236 2765 265 2795 a
293 2756 488 2796 Narsete
521 2756 731 2810 (Nersete
763 2755 807 2808 2)
855 2758 1077 2809 superati,
1125 2757 1316 2799 extincti
1347 2761 1469 2799 sunt.
1548 2757 1592 2797 8.
1627 2756 1716 2797 Hic
1746 2756 1930 2808 Narses,
1974 2760 2189 2806 superato
2222 2755 2480 2799 sindualdo

239 2813 312 2868 (--
344 2815 495 2856 waldo
526 2812 571 2867 2)
604 2825 729 2867 rege,
763 2817 887 2857 celsa
918 2826 1023 2856 eum
1056 2817 1114 2858 de
1156 2816 1284 2870 (deest
1316 2817 1357 2858 2.
1390 2814 1437 2867 4)
1469 2816 1600 2856 trabe
1631 2815 1885 2865 suspendit.
1958 2815 2003 2856 4.
2037 2816 2107 2858 De
2138 2816 2287 2864 signis
2318 2820 2483 2858 morta-

236 2873 380 2914 litatis
412 2874 462 2914 in
493 2874 648 2925 Italia,
680 2877 724 2914 et
756 2875 813 2916 de
847 2878 990 2915 morte
1021 2875 1271 2916 Iustiniani
1317 2876 1501 2924 angusti
1533 2880 1580 2916 et
1621 2875 1816 2924 imperio
1858 2873 2043 2915 Iustini.
2116 2876 2159 2915 8.
2194 2875 2264 2916 ΒΘ
2297 2885 2481 2918 accusa-

235 2931 376 2984 tione,
437 2942 528 2981 qua
571 2932 768 2973 Romani
823 2934 1067 2976 Narsetem
1113 2935 1289 2974 Iustino
1334 2937 1379 2974 et
1421 2934 1521 2974 eius
1565 2934 1751 2983 coniugi
1799 2930 2003 2983 Sophiae
2046 2932 2283 2986 fecerunt,
2328 2937 2373 2974 et
2420 2936 2478 2976 de

232 2990 552 3040 Langobardis
596 2992 654 3031 ad
695 2992 882 3031 Italiam
924 2992 1147 3036 invitatis.
1218 2994 1258 3035 6.
1290 2994 1362 3033 ΒΘ
1395 3003 1449 3033 eo
1497 2993 1620 3042 quod
1662 2992 1835 3033 Albuin
1868 2991 2052 3031 Italiam
2094 2991 2387 3042 profecturus
2418 2993 2477 3034 ab

234 3051 395 3090 amicis
441 3051 539 3090 suis
581 3050 747 3091 vetulis
780 3050 1042 3091 saxonibus
1083 3051 1307 3092 auxillum
1345 3052 1474 3102 petit,
1515 3061 1619 3092 cum
1653 3061 1743 3100 quo
1776 3053 1821 3091 et
1851 3051 1956 3100 plus
1987 3060 2127 3100 quam
2160 3050 2317 3104 (quam
2350 3055 2395 3093 et
2430 3050 2476 3104 8)

232 3110 400 3159 viginti
431 3109 563 3149 milia
591 3113 830 3150 venerunt.
896 3110 935 3151 7.
970 3110 1057 3149 Hic
1100 3111 1263 3151 relicta
1291 3110 1589 3159 Langobardi
1619 3110 1833 3150 Panonia
1865 3113 1910 3149 et
1940 3111 2263 3151 commendata
2291 3110 2476 3152 Hunnis

235 3167 403 3222 (Hunis
439 3169 486 3218 83
519 3168 722 3208 Huinnis
755 3166 800 3219 8)
834 3168 1022 3208 Italiam
1054 3172 1306 3219 properant
1335 3170 1608 3219 possessuri.
1672 3168 1714 3210 8.
1748 3169 1837 3208 Hie
1869 3168 2095 3208 adventus
2128 3169 2250 3217 regis
2281 3170 2474 3211 Albuini

234 3227 306 3281 (A.
340 3238 376 3268 r.
412 3227 453 3268 8.
486 3225 533 3278 4)
567 3227 626 3266 ad
659 3226 786 3279 (deest
819 3227 864 3274 2)
898 3231 1101 3269 montem
1131 3227 1272 3277 Regis
1305 3226 1445 3281 (regii
1477 3225 1536 3278 8).
1601 3224 1645 3278 9)
1680 3227 1752 3268 ΒΘ
1784 3237 1838 3267 eo
1881 3228 2004 3275 quod
2034 3226 2209 3268 Albuin
2241 3229 2290 3268 in
2323 3232 2472 3269 castro

230 3286 459 3327 Foroiulii
492 3284 738 3340 (Foraiulii
772 3286 821 3334 13
852 3284 1150 3328 Foroiulo‘b.
1184 3285 1259 3338 5a)
1295 3285 1573 3336 Gisulphum
1606 3284 1678 3338 <-
1713 3284 1809 3326 fum
1843 3285 1883 3328 2.
1916 3285 1957 3326 8.
1991 3283 2038 3336 4)
2074 3289 2291 3336 nepotem
2323 3297 2473 3339 suum,

233 3346 312 3395 qui
344 3345 444 3385 eius
478 3347 646 3385 strator
677 3348 790 3396 erat,
823 3344 986 3385 ducem
1032 3346 1283 3388 constituit.
1359 3346 1427 3387 10.
1461 3345 1533 3385 De
1564 3347 1711 3385 morte
1752 3343 2015 3385 chlotharii
2060 3343 2236 3396 (Hloth.
2271 3343 2316 3396 2)
2350 3346 2475 3394 regis

230 3404 530 3455 Francorum,
563 3405 609 3443 et
639 3403 739 3443 eius
773 3413 967 3451 regnum
1000 3404 1284 3453 quadrifarie
1332 3404 1532 3444 divisum
1578 3402 1740 3457 (regno
1773 3413 1817 3450 q.
1864 3402 2014 3442 diviso
2049 3403 2088 3441 2.
2124 3399 2184 3441 ’5.
2217 3401 2309 3454 5a),
2342 3407 2388 3444 et
2419 3403 2476 3445 de

231 3462 352 3503 bello
388 3461 507 3515 <eius
536 3461 581 3502 b.
616 3462 657 3503 8.
691 3459 770 3513 4⁴2)
813 3461 1016 3503 Avarum
1060 3463 1111 3503 in
1152 3464 1356 3503 Francos
1398 3463 1563 3503 inlato.
1635 3462 1706 3502 11.
1739 3461 1810 3501 ΒΘ
1843 3463 1989 3501 morte
2029 3460 2237 3500 Narsetis
2274 3461 2477 3511 patricii.

166 3523 173 3528 “
233 3522 301 3562 12.
338 3519 471 3569 Quod
503 3530 586 3560 rex
615 3518 790 3560 Albuin
827 3520 976 3560 Felici
1020 3522 1236 3571 episcopo
1280 3521 1556 3562 Tarvisiano
1600 3529 1759 3559 omnes
1800 3517 2048 3558 facultates
2093 3518 2323 3561 ecclesiae
2372 3530 2477 3560 con·

231 3581 384 3620 cessit.
451 3579 519 3619 13.
538 3579 610 3619 ΒΘ
628 3589 683 3619 eo
702 3579 824 3628 quod
838 3580 1116 3620 Fortunatus
1133 3581 1182 3620 in
1200 3583 1296 3621 arte
1315 3579 1617 3629 grammatica
1633 3579 1732 3617 sive
1749 3576 1981 3617 rethorica
2011 3586 2095 3617 seu
2126 3576 2319 3617 metrica
2351 3577 2478 3632 (geo-

229 3639 423 3679 metrica
455 3636 500 3690 8)
543 3638 828 3677 clarissimus
860 3638 1028 3678 extitit.
1094 3640 1163 3679 14.
1198 3638 1270 3680 De
1304 3649 1360 3680 Θο
1406 3638 1530 3687 quod
1567 3635 1741 3677 Albuin
1783 3636 1945 3685 paucis
1986 3636 2193 3685 exceptis
2234 3638 2355 3676 totas
2386 3638 2475 3678 Ve-

229 3698 384 3738 netiae
401 3696 580 3747 primae
595 3696 868 3747 provinciae
886 3697 1100 3737 civitates
1133 3696 1263 3749 (corr.
1281 3697 1470 3738 civitate
1487 3691 1533 3746 2)
1565 3695 1735 3745 coepit.
1801 3693 1958 3735 15.De
1990 3695 2195 3736 secunda
2227 3696 2474 3745 provincia

228 3756 423 3805 Liguria
453 3758 500 3797 et
531 3755 587 3797 cle
620 3754 748 3808 (deest
789 3752 836 3806 4)
869 3754 1005 3797 Retia
1049 3754 1180 3808 <Reci
1214 3753 1259 3807 8)
1303 3755 1455 3806 prima
1495 3757 1544 3796 et
1588 3754 1724 3795 Retia
1766 3753 1984 3794 secunda.
2060 3753 2130 3794 16.
2163 3754 2234 3795 ΒΘ
2273 3753 2474 3806 Alpibus

229 3813 485 3856 cottiarum
518 3813 780 3864 (Gotiarum
814 3816 853 3856 1.
889 3814 930 3857 8.
963 3811 1010 3866 4)
1044 3820 1090 3855 et
1128 3814 1299 3854 'ruscia
1332 3813 1512 3867 (Tustia
1546 3810 1606 3865 1).
1673 3812 1742 3854 1‘1.
1776 3812 1849 3854 De
1881 3811 2140 3862 Campania
2171 3816 2216 3855 et
2241 3813 2471 3856 Lucania.

232 3874 300 3915 18.
333 3873 406 3914 De
437 3872 634 3923 Alpibus
667 3871 927 3923 Apenninis
972 3871 1105 3925 (corr.
1137 3873 1366 3923 Apeninis
1399 3870 1443 3924 2)
1477 3876 1525 3914 et
1563 3871 1752 3914 Emilia.
1819 3871 1889 3912 19.
1922 3871 1993 3912 De
2032 3871 2316 3913 Flamminla
2349 3872 2475 3925 (Fla-

229 3932 376 3972 minia
407 3932 448 3974 8.
483 3929 529 3984 4)
564 3935 610 3973 et
637 3931 865 3973 Picenum
893 3931 1089 3986 (Picenu
1121 3933 1167 3981 ις
1201 3933 1374 3973 Piceno
1408 3934 1449 3975 2.
1464 3929 1528 3973 ’5.
1564 3928 1658 3983 5a).
1723 3930 1792 3972 20.
1827 3930 1899 3970 ΒΘ
1930 3930 2121 3972 Valeria
2151 3934 2197 3971 et
2227 3930 2470 3972 Samnium

233 3988 440 4042 (Samnio
473 3988 536 4031 ’5.
570 3986 662 4041 ba).
743 3991 813 4032 21.
847 3992 918 4031 ΒΘ
951 3988 1124 4041 Apulia
1155 3990 1364 4044 (Apullia
1406 3993 1448 4034 1.
1481 3988 1527 4043 8)
1576 3993 1622 4031 et
1654 3988 1830 4032 Sicilia.
1894 3989 1969 4032 22.
2001 3990 2073 4030 ΒΘ
2121 3987 2310 4030 Corsica
2340 3993 2387 4030 et
2417 3989 2474 4029 de

230 4046 451 4089 Sardinia
482 4048 548 4103 (et
576 4047 744 4089 sardia
774 4046 837 4101 4).
900 4049 972 4090 28.
1007 4047 1140 4097 Quod
1185 4050 1397 4092 Brennus
1445 4049 1677 4103 (Brennus
1715 4054 1816 4099 post
1861 4059 1975 4090 corr.
2024 4049 2234 4089 Brennus
2269 4051 2319 4098 15
2367 4048 2477 4088 Bre-

229 4116 396 4148 munus
430 4107 484 4158 83
529 4108 787 4148 Premunus
819 4105 864 4156 4)
914 4118 995 4149 rex
1042 4109 1274 4158 quondam
1307 4108 1553 4150 Gallorum
1584 4118 1686 4148 cum
1717 4107 1926 4147 tricentis
1974 4107 2163 4148 milibus
2195 4107 2254 4147 ad
2285 4106 2476 4147 Italiam

229 4168 423 4207 venerit.
517 4167 588 4207 24.
621 4165 754 4215 Quod
783 4166 927 4207 Italia
973 4171 1019 4207 et
1048 4166 1259 4208 Ausonia
1305 4171 1352 4210 et
1391 4168 1576 4207 Latium
1610 4166 1820 4220 (Lacium
1855 4163 1898 4218 1)
1945 4166 2187 4206 vocitetur.
2281 4165 2353 4208 25.
2385 4165 2476 4207 Ubi

229 4221 405 4266 Albuin
434 4225 676 4274 Liguriam
720 4226 945 4268 introivit.
1018 4226 1089 4268 26.
1122 4226 1194 4267 ΒΘ
1234 4237 1290 4268 eo
1337 4227 1460 4277 quod
1493 4225 1758 4267 'ricinensis
1805 4224 1968 4265 civitas
2009 4234 2093 4275 per
2132 4224 2386 4266 triennium
2417 4224 2480 4265 sit

237 4353 293 4423 1)
333 4356 486 4409 Haec
525 4374 589 4409 ex
636 4356 781 4427 Oriq.

1947 4456 1980 4507 6
