3042 4909
420 1098 490 1149 ἥρ.
509 1099 561 1140 16

600 466 634 516 6
1060 462 1281 515 PAULI
1320 463 1668 516 HISTORIA
1705 463 2378 517 LANGOBARDORUM.

686 632 1029 718 Captivum
1072 632 1315 716 patriae
1357 630 1554 695 redde
1599 639 1665 696 et
1707 629 2044 695 civilibus⁸
2088 597 2276 712 arvis,

851 715 1019 780 Cum
1062 713 1331 778 modicis
1376 713 1569 779 rebus
1615 712 1896 779 culmina
1937 713 2134 780 redde
2180 713 2400 797 simu13

682 818 866 882 Mens
908 826 1125 882 nostra
1166 825 1238 880 ut
1281 814 1538 881 Christo
1580 814 1800 880 laudes
1843 817 1908 879 in
1955 814 2125 880 secla
2152 816 2541 902 frequentet,

851 900 1145 965 Reddere
1190 901 1302 986 qui
1344 899 1517 966 solus
1560 900 1846 986 praemia
1890 898 2087 984 digna
2128 909 2357 985 potest.

568 1127 580 1139 .
769 1075 887 1139 *Ut
917 1075 990 1138 id
1020 1076 1195 1160 quod
1219 1075 1777 1160 petebatfacilius
1809 1076 2288 1159 adipisceretur
2303 1086 2346 1151 ¹,
2377 1073 2629 1138 Paulus
2659 1074 2837 1138 ultra

602 1155 802 1242 Alpes
842 1157 1183 1242 profectus
1243 1168 1300 1222 et
1360 1159 1612 1225 diutius
1669 1161 1773 1223 hic
1833 1160 2222 1223 commorari
2283 1167 2544 1222 coactus
2588 1166 2710 1239 est,
2764 1158 2841 1221 id

642 1243 774 1308 uod
816 1241 1092 1326 epistola
1123 1243 1216 1306 ad
1245 1243 1746 1308 sl'heudemarem
1787 1243 2075 1307 abbatem
2111 1241 2547 1323 Casinensem,
2594 1265 2638 1304 a
2678 1245 2840 1325 ripa

597 1265 906 1391 {lo-sellae
950 1325 1013 1389 d.
1063 1326 1162 1388 10.
1201 1326 1562 1406 Januarii,
1625 1349 1834 1407 anno,
1895 1335 1966 1388 ut
2015 1327 2274 1389 videtur
2318 1325 2442 1390 783
2457 1335 2510 1405 ²,
2569 1327 2838 1409 scripta,

598 1408 956 1474 luculenter
997 1413 1317 1493 exposuit.

1323 1528 1639 1613 Incipit
1682 1525 2103 1612 epistolass.

765 1627 1179 1694 Amabillimo
1224 1640 1288 1694 et
1344 1630 1493 1695 totis
1537 1628 1695 1692 mihi
1736 1627 2090 1713 precordiis
2135 1626 2365 1692 dilecto
2412 1627 2647 1691 domno
2693 1649 2835 1693 meo

597 1713 767 1798 patri
795 1710 1017 1777 abbati
1035 1711 1467 1777 Theudemari
1488 1711 1729 1776 Paulus
1758 1709 2032 1797 pusillus
2059 1709 2226 1775 filius
2249 1709 2542 1797 supplex.
2598 1712 2836 1791 Quam-

596 1797 698 1860 vis
787 1794 995 1860 rolixa
1033 1806 1349 1860 terrarum
1379 1798 1587 1881 spatia
1630 1816 1897 1881 corpore
1942 1805 2129 1861 tenus
2174 1818 2213 1859 a
2254 1806 2468 1860 vestro
2513 1796 2835 1859 consortio

597 1818 915 1959 divisam,
972 1880 1182 1965 iungit
1224 1902 1327 1944 me
1370 1889 1588 1944 tamen
1629 1890 1981 1964 utcumque
2024 1888 2236 1945 vestro
2282 1878 2493 1944 coetui
2534 1888 2731 1943 tenax
2774 1887 2839 1942 et

599 1984 765 2049 quae
793 1961 997 2027 dividi
1024 1985 1376 2048 numquam
1417 1964 1655 2048 poterit
1693 1964 1944 2044 caritas,
1988 1972 2332 2049 tantusque
2363 1960 2630 2048 singulis
2674 1983 2838 2047 pene

597 2047 935 2111 momentis
993 2069 1096 2112 me
1139 2057 1349 2112 vester
1390 2069 1810 2134 meorumque
1856 2048 2175 2111 seniorum
2218 2057 2282 2111 et
2337 2045 2610 2111 flatrum
2660 2066 2840 2110 amor

568 2131 958 2213 ⁴excruciat,
1026 2142 1339 2216 quantum
1380 2152 1501 2195 nec
1546 2129 1902 2216 epistolaris
1946 2129 2117 2195 valet
2165 2129 2387 2195 relatio
2444 2151 2566 2194 nec
2622 2127 2839 2216 pagel-

597 2211 804 2278 larum
849 2235 1171 2300 exponere
1213 2213 1515 2280 brevitas.
1606 2214 1775 2279 Cum
1818 2216 1990 2278 enim
2032 2214 2233 2278 menti
2247 2223 2276 2266 b
2338 2212 2613 2279 subeunt
2655 2233 2839 2277 occu-

598 2307 750 2382 pata
774 2306 1040 2363 'tantum
1083 2299 1152 2362 in
1195 2298 1429 2362 divinis
1474 2298 1776 2397 operibus
1822 2298 1952 2362 otia
1993 2320 2070 2362 ac
2111 2299 2240 2361 mei
2285 2299 2471 2363 statio
2515 2294 2840 2382 hospitioli

597 2383 982 2465 gratissima,
1028 2404 1179 2446 cum
1206 2394 1421 2448 vester
1460 2405 1608 2468 pius
1652 2392 1715 2448 et
1741 2381 2081 2467 religiosus
2110 2382 2396 2463 affectus,
2441 2403 2590 2445 cum
2621 2389 2842 2445 sancta

596 2475 920 2531 tantorum
966 2464 1206 2531 Christi
1262 2466 1539 2531 militum
1601 2465 1832 2531 divinis
1885 2463 2161 2531 cultibus
2214 2465 2521 2529 insudans
2565 2473 2839 2546 caterva,

599 2570 749 2612 cum
792 2548 1193 2635 singulorum
1235 2550 1504 2616 fratrum
1557 2552 1626 2613 in
1671 2548 1939 2616 diversis
1980 2548 2328 2615 virtutibus
2372 2571 2560 2614 exem
2607 2546 2671 2612 la
2722 2545 2840 2611 ful-

642 2632 830 2713 entia,
882 2655 1033 2697 cum
1075 2633 1286 2697 dulcia
1329 2655 1643 2718 supernae
1697 2636 1944 2717 patriae
1985 2632 2449 2718 perfectionum
2495 2653 2571 2696 co
2619 2632 2839 2719 oquia:

643 2736 808 2796 ere0,
854 2725 1100 2801 stupe0,
1143 2715 1442 2801 langueo,
1487 2737 1607 2780 nec
1651 2717 1817 2779 inter
1856 2716 1986 2778 imo
2078 2726 2289 2780 ectore
2332 2726 2538 2780 tracta
2566 2715 2843 2801 suspiria

595 2799 868 2862 retinere
909 2797 1203 2863 lacrimas
1245 2820 1530 2884 possum.
1615 2798 1794 2862 Inter
1831 2797 2015 2862 catho
2042 2819 2174 2862 lcos
2219 2809 2282 2862 et
2312 2797 2671 2863 christianis
2715 2796 2841 2861 cul-

597 2881 769 2946 tibus
813 2879 1063 2946 deditos
1109 2903 1358 2962 versor3
1417 2880 1583 2945 bene
1638 2903 1740 2945 me
1792 2902 2010 2946 omnes
2068 2881 2421 2967 accipiunt3
2476 2880 2843 2966 benigniter

598 2964 758 3028 mihi
799 2964 1041 3029 affatim
1083 2986 1301 3029 amore
1344 2966 1547 3030 nostri
1589 2965 1788 3050 patris
1833 2964 2173 3030 Benedicti
2215 2973 2281 3029 et
2320 2964 2550 3028 vestris
2594 2965 2839 3029 meritis

598 3046 970 3129 exhibetur3
1029 3046 1142 3114 sed
1186 3048 1270 3112 ad
1314 3048 1836 3135 conparationem
1877 3049 2074 3112 vestri
2128 3046 2423 3113 coenobii
2463 3047 2622 3112 mihi
2667 3046 2840 3134 pala-

596 3132 755 3195 tium
800 3152 1018 3196 carcer
1075 3142 1202 3213 est,
1262 3132 1346 3197 ad
1389 3131 1815 3197 conlationem
1870 3140 2085 3196 tantae
2132 3153 2296 3217 quae
2346 3132 2522 3218 apud
2570 3154 2687 3196 vos
2744 3139 2840 3197 est

640 3216 829 3280 uietis
879 3215 984 3279 hic
1041 3215 1200 3279 mihi
1256 3214 1491 3302 degere
1548 3224 1896 3302 tempestas
1954 3224 2079 3298 est3
2137 3215 2271 3281 solo
2316 3216 2398 3281 ab
2457 3216 2580 3280 hac
2629 3215 2838 3301 patria

642 3296 792 3363 ebili
851 3298 1228 3385 corpusculo
1270 3309 1510 3382 teneor,
1554 3311 1691 3365 tota
1732 3321 1863 3386 qua
1903 3298 2109 3364 solum
2150 3299 2336 3365 valeo
2377 3309 2590 3365 mente
2625 3297 2835 3363 vobis-

598 3403 746 3446 cum
802 3404 965 3447 sum.
1052 3383 1425 3470 Videorque
1481 3383 1641 3448 mihi
1690 3405 1863 3448 nunc
1922 3382 2227 3448 suavibus
2285 3385 2552 3448 nimium
2606 3384 2834 3447 vestris

594 3466 899 3532 interesse
944 3466 1373 3550 concentibus,
1419 3489 1592 3531 nunc
1634 3467 1978 3532 consedere
2022 3467 2326 3532 satiandis
2380 3467 2447 3530 in
2491 3464 2836 3531 caenaculo

598 3625 645 3678 a)
679 3629 954 3677 genialibus
994 3630 1088 3670 Vae.
1209 3626 1258 3680 b)
1292 3630 1457 3670 mentis
1488 3640 1526 3671 c.

601 3756 657 3822 l)
695 3755 857 3811 Hanc
883 3759 945 3810 ob
978 3777 1197 3811 causam
1227 3759 1461 3811 Paulum
1495 3760 1570 3811 acl
1600 3760 1861 3811 Karolum
1897 3759 2116 3825 venisse,
2139 3761 2363 3827 epistola
2398 3777 2520 3812 mox
2559 3758 2837 3825 afferenda

597 3838 776 3896 aperte
806 3830 1026 3883 indicat.
1084 3831 1269 3897 Neque
1301 3833 1485 3902 magni
1498 3833 1820 3899 faciendum
1852 3841 1928 3885 est
1958 3833 2101 3900 quod
2117 3833 2429 3900 posterioris
2463 3833 2582 3885 aevi
2613 3834 2835 3884 tradunt

594 3903 889 3969 scriptores,
913 3901 1211 3971 Siyebertus
1232 3905 1298 3956 de
1319 3904 1422 3958 SS.
1446 3906 1568 3957 eccl.
1590 3924 1635 3958 c.
1651 3906 1738 3969 80,
1767 3905 1849 3957 ed.
1869 3905 2154 3958 Fabricius
2169 3925 2231 3973 p.
2253 3908 2382 3957 102:
2410 3912 2629 3973 propter
2658 3907 2834 3956 scien-

592 3977 726 4028 tiam
744 3976 1041 4028 litterarum
1073 3993 1107 4027 a
1129 3976 1321 4028 Carolo
1342 3980 1543 4044 Mag-no
1575 3981 1895 4046 imperatore
1928 3980 2191 4044 adscitus3
2217 3979 2379 4047 Huyo
2399 3976 2565 4041 Flor„
2605 3975 2704 4029 SS.
2731 3976 2831 4041 IX,

583 4065 647 4114 p.
666 4049 804 4100 363:
833 4048 901 4100 de
921 4050 1240 4101 monasterio
1273 4053 1466 4102 montis
1488 4051 1701 4103 Cassini
1730 4054 1880 4103 venit
1909 4055 1965 4103 in
1997 4053 2247 4115 Galliam,
2280 4057 2536 4102 attractus
2565 4065 2746 4101 amore
2781 4056 2837 4100 et

592 4124 844 4188 opinione
863 4122 1058 4190 prefati
1087 4123 1342 4190 principis
1361 4124 1552 4175 Karoli
1576 4125 2047 4191 precellentissimi
2064 4124 2416 4192 imperatoris.
2455 4122 2655 4173 Rerum
2674 4121 2831 4172 Itali-

591 4211 777 4245 carum
794 4195 1073 4261 scriptores
1092 4196 1157 4247 de
1183 4196 1283 4247 hac
1307 4213 1365 4249 re
1374 4213 1604 4262 prorsus
1624 4205 1817 4250 tacent.
1914 4197 1973 4264 2)
1995 4197 2086 4248 Ita
2109 4197 2413 4250 Bethmamz
2435 4212 2493 4260 p.
2519 4196 2644 4246 297.
2683 4194 2830 4245 Pau·

590 4269 698 4317 lum
717 4269 952 4336 t-wmjaan
971 4266 1175 4320 diutius
1197 4267 1386 4321 Casino
1410 4270 1607 4334 abesse,
1627 4270 1849 4336 epistola
1866 4268 2059 4323 innuit.
2088 4270 2217 4322 Ideo
2239 4283 2452 4321 carmen
2471 4267 2610 4319 illud
2631 4285 2683 4319 a.
2703 4267 2828 4321 782.

589 4339 648 4390 in
677 4340 862 4392 Gallia
898 4340 1173 4409 scripsisse
1201 4343 1484 4408 putandus
1511 4352 1604 4395 est.
1754 4339 1812 4408 3)
1851 4342 1941 4393 Ex
1979 4343 2092 4394 cod.
2117 4341 2299 4394 Paris.
2339 4341 2442 4395 Nr.
2473 4340 2596 4405 528,
2622 4341 2680 4408 f.
2709 4341 2833 4405 127,

589 4412 864 4480 descripsit
912 4414 973 4470 V.
1003 4413 1076 4470 Ol.
1119 4416 1484 4475 Wattenbaclz5
1524 4415 1664 4468 edid.
1703 4414 1921 4480 Lebeuf
1934 4432 1997 4480 p.
2024 4417 2165 4477 297‚·
2199 4415 2326 4467 inde
2364 4414 2534 4466 Dalm
2560 4431 2624 4481 p.
2657 4415 2745 4468 79.

1723 4509 1750 4534 0
