3042 4909
573 407 795 461 PAULI
834 408 1184 462 HISTORIA
1222 408 1895 463 LANGOBARDORUM.
1971 409 2115 463 LIB.
2156 412 2220 463 V.
2429 411 2535 462 208

292 600 442 643 eum
485 599 639 642 suus
667 578 918 662 genitor
958 577 1311 664 requisivit,
1355 578 1449 643 εἰ·
1493 578 1651 663 quid
1694 579 1795 644 eib
1840 575 1948 642 illo
1978 576 2082 642 die
2124 598 2245 642 rex
2286 576 2537 644 locutus

292 661 543 744 fuisset,
595 659 700 725 ille
758 661 930 748 patri
985 662 1200 726 omnia
1253 671 1325 726 ut
1366 661 1540 728 facta
1590 661 1843 727 fuerant
1896 671 1961 728 et
2010 660 2168 748 quid
2185 673 2209 704 ⁰
2252 659 2377 727 sibi
2419 684 2538 727 rex

292 744 544 811 dixerat
570 745 908 810 nuntiavit.
975 742 1266 810 Audiens
1282 746 1310 788 (ἱ
1351 745 1513 811 haec
1543 743 1711 811 Aldo
1742 744 2152 811 vehementer
2191 746 2539 832 pertimuit,

291 828 679 916 fratremque
696 840 721 871 ⁰
767 850 955 894 suum
986 827 1388 894 Grausonem
1431 828 1751 894 adscitum
1769 840 1814 913 ⁰,
1858 830 1918 893 ei
1960 829 2176 894 omnia
2218 850 2385 915 quae
2420 851 2539 893 rex

292 910 571 999 maligne
629 909 879 978 locutus
937 911 1146 978 fuerat
1201 913 1533 979 nuntiavit.
1633 912 1761 995 Qui
1816 935 1973 978 mox
2016 934 2165 978 cum
2207 913 2433 978 amicis
2475 921 2539 978 et

293 994 391 1061 his
423 994 656 1083 quibus
688 995 945 1061 credere
975 1005 1272 1082 poterant
1316 995 1654 1062 consilium
1683 997 1907 1062 ineunt
1923 997 1963 1080 f,
2010 995 2282 1083 qualiter
2312 994 2535 1060 Alahis

289 1090 633 1166 tyrannum
699 1091 943 1166 regno&
1012 1080 1369 1167 privarent,
1435 1081 1813 1180 priusquam
1866 1081 2006 1167 ipse
2065 1081 2157 1145 eis
2174 1081 2204 1123 ¹¹
2255 1080 2340 1144 ali
2386 1101 2538 1145 uam

292 1161 640 1229 laesionem
667 1163 874 1229 facere
904 1164 1109 1250 possit
1126 1164 1160 1228 ἰ.
1251 1164 1381 1244 Qui
1422 1173 1735 1230 maturius
1764 1164 1850 1229 ad
1886 1161 2199 1250 palatium
2243 1185 2360 1251 pro
2389 1164 2514 1228 ecti

291 1248 383 1312 ita
437 1244 659 1312 Alahis
711 1247 1087 1313 dixeruntk:
1184 1246 1378 1329 ‘Quid
1436 1247 1721 1334 dignaris
1778 1249 1847 1312 in
1901 1248 2160 1314 civitate
2210 1212 2538 1312 residere⁴f>

288 1329 491 1396 Ecce¹
537 1331 742 1396 omnis
787 1331 1014 1396 civitas
1046 1338 1108 1395 et
1149 1332 1484 1397 universus
1575 1331 1803 1418 opulus
1845 1330 1964 1397 tibi
2004 1331 2211 1397 fidelis
2255 1331 2535 1413 existitm,

288 1423 354 1479 et
409 1414 695 1481 ebriosus
751 1412 855 1478 ille
918 1414 1312 1501 Ounincpert
1367 1416 1458 1480 ita
1565 1414 1857 1480 ‘ssolutus
1900 1424 2012 1498 est,
2071 1424 2143 1480 ut
2198 1415 2327 1479 iam
2369 1412 2536 1479 ultra

286 1495 523 1563 nullasu
568 1499 770 1585 possit
810 1497 1047 1565 habere
1087 1499 1275 1563 vires.
1363 1498 1694 1585 Egredere
1738 1510 1803 1564 et
1827 1498 1993 1564 vade
2036 1499 2104 1563 in
2131 1498 2534 1564 venationem

287 1591 392 1645 et⁰
451 1603 681 1648 exerce
724 1592 787 1647 te
832 1602 979 1646 cum
1031 1583 1370 1648 iuvenibus
1387 1594 1415 1636 Ρ
1459 1583 1615 1665 tuis,
1657 1604 1774 1647 nos
1817 1591 2031 1648 autem
2076 1603 2223 1647 cum
2272 1578 2535 1667 reliquis

286 1663 582 1732 fidelibus
640 1667 765 1731 tuis
825 1664 1267 1732 defendimus‘l
1309 1666 1429 1732 tibi
1477 1666 1644 1731 hanc
1698 1666 2040 1731 civitatem.
2131 1663 2262 1730 Sed
2300 1672 2363 1729 et
2380 1677 2402 1707 ¹·
2444 1664 2535 1729 ita

284 1748 406 1815 tibi
453 1749 955 1837 repromittimus
971 1760 1015 1833 ⁵,
1072 1759 1145 1814 ut
1199 1751 1267 1813 in
1318 1751 1619 1837 proximo
1677 1750 1920 1814 inimici
1976 1750 2071 1814 tui
2116 1748 2537 1835 Ounincperti

286 1844 482 1919 caput
524 1833 889 1899 adferamus
906 1837 961 1898 V.
1048 1834 1178 1982 Ἧι
1220 1855 1441 1899 eorum
1469 1832 1726 1899 verbis¹¹
1767 1855 2128 1920 persuasus,
2172 1833 2534 1898 civitatemv

290 1939 583 2002 egressus
640 1928 833 2004 atque
896 1916 1039 1982 adW
1157 1919 1338 1985 rbem
1418 1918 1843 1984 vastissimam
1923 1916 2152 1981 silvam
2211 1914 2533 2003 profectus

288 2011 388 2066 est
427 1999 644 2088 ibique
689 2013 803 2066 sex
861 2002 1018 2066 iocis
1062 2010 1126 2066 et
1167 2002 1610 2067 venationibus
1655 2021 1954 2066 exercere
2004 2000 2236 2099 coepit.
2324 1996 2630 2069 *Aldo‘p.
2666 2017 2765 2060 ιω.

284 2106 437 2150 vero
495 2094 558 2151 et
609 2083 862 2151 Grauso
927 2093 1147 2150 euntes
1209 2084 1295 2149 ad
1344 2083 1559 2150 lacum
1611 2083 2029 2150 Comacinum
2047 2096 2078 2138 Y
2139 2083 2534 2168 mgressique

285 2190 538 2251 navem,
582 2167 670 2234 ad
699 2167 948 2235 Ouninc
997 2176 1203 2233 ertum
1244 2168 1514 2255 profecti
1545 2177 1712 2233 sunt.
1776 2166 1885 2232 Ad
1906 2179 1929 2210 ¹
1962 2188 2154 2253 quem
2182 2166 2530 2241 venientes,

289 2252 425 2317 eius
462 2252 733 2338 pedibus
762 2273 965 2339 provo
989 2253 1083 2317 uti
1099 2262 1145 2334 ¹¹,
1177 2273 1244 2316 se
1274 2260 1495 2316 contra
1524 2273 1671 2317 eum
1703 2251 1996 2337 nequiter
2024 2250 2231 2335 egisse
2261 2247 2534 2336 professi

290 2337 497 2418 suntb,
539 2337 745 2422 eique,
790 2334 946 2422 quid
974 2334 1198 2400 Alahis
1241 2334 1555 2400 malitiose
1602 2344 1824 2399 contra
1854 2354 1964 2399 eos
1994 2332 2245 2398 locutus
2285 2332 2529 2413 fueritc,

286 2417 393 2485 vel
438 2418 623 2518 quale
651 2421 674 2483 i
723 2421 778 2484 si
799 2419 884 2484 ad
912 2420 1050 2485 eius
1080 2418 1502 2505 perditionem
1520 2419 1549 2460 ‘¹
1578 2416 1907 2483 consilium
1938 2415 2145 2482 eidem
2175 2415 2468 2481 dederint
2484 2425 2530 2497 ⁰,

286 2513 659 2569 nuntiarunt
694 2553 708 2568 .
805 2502 978 2584 Quid
1021 2502 1248 2589 plura‘?
1275 2501 1622 2568 Fleverunt
1663 2503 1902 2588 pariter
1931 2511 1996 2565 et
2022 2500 2186 2565 inter
2215 2521 2282 2564 se
2324 2519 2534 2563 sacra-

286 2596 506 2652 menta
548 2587 912 2668 dederuntss,
956 2586 1126 2652 diem
1172 2594 1521 2651 statuentes
1545 2588 1593 2669 ¹¹,
1643 2586 1712 2649 in
1755 2605 1882 2671 quo
1927 2583 2320 2670 Ounincpert
2360 2582 2534 2646 veni-

285 2679 402 2754 ret,
444 2678 516 2735 ut
556 2671 682 2758 ipsi
726 2670 787 2734 ei
829 2671 1155 2735 civitatem
1199 2670 1608 2735 Ticinensem
1651 2667 2115 2734 contraderent.
2205 2664 2426 2747 Quodi
2471 2675 2535 2730 et

288 2752 531 2820 factum
589 2763 703 2819 est.
797 2752 966 2819 Nam
1021 2753 1170 2820 diek
1241 2761 1478 2820 statuto
1533 2752 1926 2852 Ounincpert
1982 2750 2281 2815 Ticinum
2340 2747 2534 2814 adve-

285 2838 490 2921 niens,
533 2837 615 2903 ab
647 2837 741 2902 eis
785 2835 1202 2904 libentissime
1245 2846 1580 2924 susceptus
1623 2834 1934 2924 palatlum
1975 2857 2162 2900 suum
2204 2834 2534 2919 ingressus

288 2931 402 2987 est.
489 2921 673 2987 Tunc
719 2942 939 2986 omnes
985 2922 1176 3003 cives,
1222 2930 1286 2985 et
1326 2921 1673 3009 praecipue
1717 2921 2059 3020 episcopus
2073 2920 2110 3002 ¹,
2168 2916 2531 2982 sacerdotes

288 3026 541 3093 quoque
599 3015 665 3070 et
721 3004 925 3070 clerus
944 3016 1008 3088 ¹¹¹,
1068 3007 1335 3071 iuvenes
1379 3015 1443 3071 et
1485 3026 1688 3089 senes,
1732 3012 2024 3070 certat1m
2067 3001 2152 3067 ad
2195 3023 2342 3066 eum
2387 3021 2534 3065 con-

284 3201 331 3256 a)
362 3204 474 3244 deest
505 3202 560 3245 G.
699 3201 748 3256 b)
779 3203 893 3242 deest
924 3201 966 3244 G
1000 3204 1129 3244 1-4.
1268 3201 1310 3255 c)
1345 3203 1425 3252 qui
1455 3203 1492 3242 F
1529 3205 1577 3254 13
1609 3201 1770 3256 qu(a)e
1799 3202 1836 3242 F
1868 3202 1914 3244 4.
1949 3200 2004 3243 G.
2157 3198 2204 3252 d)
2236 3199 2444 3241 Audiens
2479 3220 2532 3229 —

285 3263 524 3314 pertimuit
551 3262 589 3303 Β
623 3263 645 3302 1
679 3262 822 3302 eadem
851 3272 987 3302 manu
1016 3263 1066 3303 t'n
1095 3263 1187 3303 coco
1218 3272 1343 3312 νᾶσος
1386 3262 1597 3302 Audiens
1633 3284 1684 3292 —
1716 3260 1950 3302 nuntiavit
1979 3260 2065 3300 des.
2102 3258 2142 3299 G
2175 3258 2244 3303 50.
2364 3256 2409 3309 e)
2444 3269 2535 3308 que

288 3321 400 3361 deest
441 3322 478 3361 Ρ
512 3324 563 3372 13
607 3319 843 3370 fratreque
891 3330 972 3361 suo
1022 3319 1267 3362 Grausoue
1318 3320 1495 3361 adscito
1542 3321 1585 3360 D
1619 3320 1670 3370 8;
1718 3319 1907 3360 atsitum
1955 3316 1997 3359 G
2030 3319 2069 3358 1.
2103 3318 2145 3357 Β.
2309 3316 2347 3368 f>
2381 3316 2536 3357 iniunt

283 3378 327 3420 A
360 3380 488 3423 8-6.
520 3380 559 3421 Β
595 3381 665 3422 la.
700 3380 740 3419 Β.
772 3379 810 3419 Ε·
844 3381 866 3419 1
901 3389 921 3419 ο
951 3389 1067 3422 corr.
1103 3378 1145 3421 G
1176 3379 1257 3429 8a3
1307 3378 1512 3419 inierunt
1544 3378 1595 3421 Ο.
1626 3378 1687 3419 D.
1719 3379 1745 3418 1
1778 3379 1819 3417 1.
1973 3373 2019 3428 g)
2054 3385 2246 3426 regnum
2280 3375 2315 3416 Ο
2350 3376 2391 3418 1.
2420 3375 2458 3415 F
2492 3376 2533 3415 1.

284 3435 335 3490 h)
368 3439 412 3480 ei
445 3437 487 3480 G
519 3439 559 3481 1.
595 3438 665 3479 Sa.
699 3438 750 3489 43
780 3438 891 3478 deese
924 3435 966 3478 G
999 3439 1039 3479 2.
1159 3436 1194 3489 i)
1228 3441 1384 3488 posset
1415 3437 1450 3478 Ο
1484 3438 1525 3479 Β.
1559 3437 1602 3490 8,
1634 3436 1727 3478 alii.
1850 3433 1899 3486 k)
1933 3434 2092 3474 dicunt
2114 3438 2217 3483 pose
2246 3434 2390 3483 suppl.
2425 3431 2467 3474 G
2490 3433 2532 3475 2.

282 3495 320 3548 1)
352 3495 509 3551 h(a)ee
539 3498 590 3537 F.
624 3495 666 3538 G
697 3496 825 3550 (deest
855 3497 892 3536 Ρ
926 3493 988 3537 ’Β.
1025 3496 1066 3540 G
1099 3494 1188 3550 bc).
1339 3492 1404 3548 m)
1439 3495 1609 3537 existat
1636 3494 1677 3534 A
1718 3498 1764 3545 ις
1811 3494 2016 3534 existunt
2047 3492 2088 3533 A
2119 3494 2170 3542 ὃς
2203 3492 2359 3532 extitit
2390 3489 2432 3532 G
2463 3492 2534 3534 Ba.

286 3553 336 3609 n)
370 3555 501 3598 nulia
544 3554 587 3596 A
620 3557 660 3596 Β.
692 3556 730 3596 F
764 3557 814 3605 13
862 3555 1019 3596 nuilus
1053 3555 1094 3597 G
1126 3557 1166 3597 1.
1201 3556 1242 3595 Β.
1395 3551 1441 3607 o)
1473 3554 1585 3595 deest
1629 3554 1666 3594 P
1701 3554 1739 3594 1.
1774 3551 1816 3594 G
1850 3553 1890 3593 1.
1924 3552 1994 3593 Ba.
2026 3552 2068 3599 4,
2106 3555 2209 3601 post
2236 3550 2380 3599 suppl.
2416 3547 2458 3590 G
2489 3551 2534 3590 Β.

287 3634 342 3647 ·-
373 3624 592 3656 exercere
624 3624 663 3655 c.
695 3613 736 3654 A
770 3616 792 3654 1
828 3626 849 3655 ο
879 3625 995 3657 corr.
1028 3616 1066 3655 E
1100 3616 1141 3656 1.
1176 3612 1217 3656 G
1251 3614 1291 3654 8.
1322 3612 1369 3654 4.
1491 3611 1542 3666 p)
1573 3611 1867 3654 iuvenalibus
1901 3609 2031 3651 G8a.
2153 3606 2200 3661 q)
2233 3607 2534 3649 defendemus

288 3672 338 3716 Ο.
370 3674 413 3713 D
435 3674 457 3713 1
491 3685 512 3714 e
542 3684 673 3721 corn,
705 3677 744 3713 ee
774 3674 838 3714 ica
869 3674 995 3713 ceteri
1024 3673 1086 3717 D.
1116 3669 1293 3715 ῈΊΑ.
1314 3671 1353 3715 5.
1374 3672 1397 3712 1
1417 3673 1456 3714 1.
1481 3674 1521 3712 Β.
1613 3670 1654 3721 r)
1685 3672 1796 3711 deest
1826 3670 1879 3711 P.
1901 3667 2076 3710 Gl-4
2109 3666 2387 3722 (pose-suppl.
2408 3663 2533 3719 Gl).

282 3730 323 3783 s)
355 3741 502 3783 prom.
536 3731 577 3772 A
609 3728 673 3776 ’8.
791 3730 826 3783 t)
860 3732 1107 3774 afferamus
1138 3731 1179 3772 A
1212 3732 1253 3774 6.
1284 3732 1323 3773 Β
1356 3732 1398 3773 Β.
1431 3731 1468 3771 F
1502 3733 1552 3780 13
1585 3730 1828 3772 afferemus
1858 3727 1959 3769 Ad..
1995 3722 2114 3768 G‘b.
2148 3727 2172 3767 1
2205 3726 2255 3777 23
2288 3725 2534 3767 efferamus

287 3788 329 3831 G
360 3790 437 3840 503
484 3790 729 3832 offeramus
762 3789 797 3833 Ο
830 3791 871 3831 Β.
912 3791 935 3831 Ι
969 3794 1019 3841 13
1065 3791 1332 3833 auferamus
1380 3789 1415 3831 C
1447 3787 1511 3831 ’1.
1549 3791 1588 3830 1.
1618 3789 1694 3832 41).
1741 3788 1783 3828 D
1819 3789 1859 3829 1.
1908 3786 1945 3825 F
1975 3786 2019 3827 4.
2067 3784 2108 3826 G
2141 3786 2269 3826 1-4.
2305 3782 2366 3826 ⁸⁶.
2415 3785 2460 3825 Η
2493 3787 2534 3826 1.

287 3846 338 3901 u)
369 3849 563 3891 verbum
594 3850 630 3890 Ρ
663 3852 713 3899 13
746 3849 888 3890 verba
920 3847 961 3891 G
994 3851 1032 3893 1.
1066 3851 1115 3899 23
1158 3851 1207 3891 in
1238 3859 1281 3890 e.
1314 3849 1456 3890 verba
1488 3848 1530 3891 G
1562 3849 1634 3890 Sa.
1766 3844 1814 3899 v)
1848 3845 2033 3886 civitate
2066 3843 2108 3886 G
2139 3844 2210 3885 Sa.
2332 3841 2392 3895 w)
2425 3844 2538 3885 deest

286 3907 325 3948 P
358 3909 408 3959 13
439 3908 497 3949 ab
530 3908 644 3951 urbe
676 3909 736 3950 ad
766 3919 809 3950 v.
844 3907 887 3951 G
918 3908 990 3950 Sa.
1126 3905 1176 3961 x)
1209 3908 1321 3948 deest
1353 3907 1393 3948 G
1428 3909 1465 3948 1.
1500 3908 1527 3948 Β
1560 3906 1677 3961 (poet
1707 3917 1811 3947 ven.
1841 3905 1983 3954 suppl.
2020 3901 2061 3945 G
2093 3900 2155 3955 Β).
2292 3900 2340 3954 y)
2373 3902 2536 3943 Goma-

287 3966 457 4007 simum
491 3965 533 4008 G
567 3968 615 4018 83
663 3967 997 4010 Comacianum
1028 3967 1050 4007 1
1086 3968 1133 4017 13
1184 3966 1534 4009 commacinum
1563 3967 1600 4006 F
1630 3967 1684 4016 43
1731 3964 2076 4007 commacinam
2106 3962 2149 4002 D
2185 3961 2324 4010 2-4;
2374 3960 2536 4003 Cuma-

287 4024 443 4066 oinum
488 4025 527 4066 F
559 4026 613 4077 83
674 4024 1009 4067 Gumatitinum
1056 4024 1097 4066 G
1127 4022 1195 4076 ’ῦς
1263 4026 1501 4068 Macinum
1550 4023 1591 4067 G
1621 4026 1664 4065 4.
1831 4020 1874 4075 z)
1905 4020 1968 4063 At
2014 4020 2056 4062 G
2091 4022 2142 4070 13
2203 4018 2354 4070 Atque
2419 4017 2462 4059 G
2490 4018 2536 4059 4.

286 4082 334 4135 a)
367 4084 640 4135 provolutus
670 4085 709 4126 F
742 4086 785 4125 1.
920 4083 969 4137 b)
1002 4083 1220 4135 protessis
1254 4082 1296 4125 G
1330 4087 1369 4126 1.
1403 4085 1444 4125 Β.
1583 4082 1626 4137 o)
1655 4083 1806 4124 metat
1837 4081 1872 4123 C
1908 4082 1947 4122 1.
1986 4081 2026 4121 Β.
2059 4080 2133 4121 eb.
2171 4079 2209 4118 D
2246 4080 2285 4120 1.
2320 4078 2356 4118 Ρ
2388 4073 2453 4119 ’2.
2491 4076 2535 4117 5.

288 4140 346 4183 G.
379 4142 424 4182 Η
458 4145 499 4184 1.
530 4144 553 4184 Ι
585 4144 627 4184 2.
779 4140 827 4196 d)
858 4143 1121 4192 perditione
1151 4142 1194 4184 A
1226 4144 1278 4194 23
1310 4143 1584 4195 perditionis
1617 4140 1660 4184 G
1690 4142 1765 4183 Sa.
1918 4137 1962 4192 e)
1995 4139 2221 4180 dederunt
2253 4135 2294 4176 A
2329 4138 2368 4177 1..
2403 4137 2448 4180 Β.
2483 4134 2536 4178 0.

282 4201 345 4243 D.
378 4200 475 4244 (3»2.
597 4199 634 4253 f)
668 4201 998 4243 nuntiaverunt
1026 4201 1074 4246 O.
1105 4202 1164 4243 D.
1199 4202 1293 4252 113
1323 4203 1560 4243 nuntiaret
1590 4212 1651 4251 qu
1712 4198 1811 4241 ΟΒ.
1935 4195 1982 4249 g)
2017 4197 2308 4239 deduxerunt
2338 4191 2457 4237 0·1.
2495 4195 2538 4235 1.

286 4257 335 4313 h)
368 4262 575 4301 statuens
608 4260 649 4301 G
684 4260 811 4302 1-4.
932 4258 966 4312 i)
1000 4260 1101 4310 Quo
1132 4260 1169 4299 F
1205 4262 1254 4311 ιζ
1286 4260 1385 4310 Que
1419 4259 1460 4301 G
1490 4260 1530 4300 Β.
1653 4211 1705 4309 ζ)
1741 4258 1870 4299 Nave
1900 4268 1938 4299 s.
1971 4257 2008 4297 F
2044 4257 2084 4297 1.
2222 4254 2257 4307 i)
2292 4254 2538 4305 episcopus

282 4328 403 4360 corr.
435 4319 644 4370 episcopi
674 4317 715 4358 A
746 4321 788 4372 1,
821 4323 859 4359 st
889 4319 951 4359 ita
984 4318 1020 4361 Ο
1054 4321 1093 4359 1.
1127 4317 1181 4360 G.
1214 4320 1238 4360 1
1269 4320 1323 4371 13
1356 4318 1587 4369 episeopis
1617 4317 1655 4358 E·
1690 4318 1739 4367 13
1771 4317 2013 4368 episcopos
2043 4315 2084 4356 A
2116 4315 2158 4356 2.
2278 4310 2341 4364 m)
2377 4311 2540 4355 clerici

287 4376 341 4419 0.
374 4378 435 4420 D.
467 4378 504 4418 Ε·
535 4374 597 4419 ’2.
632 4377 676 4418 H
710 4379 748 4417 1.
783 4377 805 4417 Ι
840 4379 881 4418 1.
912 4377 950 4417 1.
983 4380 1038 4428 13
1071 4377 1267 4419 ciericos
1299 4377 1340 4418 A
1372 4378 1413 4419 5.
