3042 4909
378 2464 455 2520 ‘p.
491 2469 590 2510 189.

615 442 722 492 244
1103 439 1529 492 CATALOGUS
1571 437 2120 491 PROVINCIARUM
2159 435 2478 488 ITALIAE.

611 610 783 673 cium
826 628 1047 671 versus
1092 604 1445 686 Aureliam,
1501 603 1582 668 ab
1630 605 1887 669 orientis
1941 612 2119 690 parte
2163 602 2523 667 Umbriam.
2609 604 2689 667 In
2727 603 2834 666 hac

656 692 942 757 rovincia
970 691 1195 771 Roma,
1239 710 1404 775 quae
1442 687 1788 774 aliquando
1819 688 2013 751 totius
2044 687 2265 751 mundi
2298 696 2493 772 caput
2522 688 2752 767 extitit,
2781 688 2839 748 in

608 716 881 840 mebria
908 774 1246 838 Perusium
1277 781 1340 835 et
1376 770 1592 836 lacum
1626 770 1929 836 Clitorius
1961 780 2023 835 et
2056 768 2100 835 S
2153 769 2447 834 oletium³
2479 771 2836 835 consistunt.

779 857 1019 939 Quinta
1047 857 1382 942 provincia
1412 855 1768 940 Campania
1794 853 1876 917 ab
1909 853 2066 918 urbe
2164 876 2308 917 oma
2337 876 2541 940 usque
2572 853 2657 917 ad
2689 852 2838 918 Siler

609 943 895 1006 Lucanie
957 940 1224 1004 fluvium
1291 938 1673 1003 extenditur.
1781 938 1859 1001 In
1925 959 2052 1036 qua
2117 936 2594 1023 opulentissime
2664 939 2839 1001 urbes

612 1024 859 1110 Capua,
907 1023 1242 1109 Neapolim
1285 1033 1348 1088 et
1391 1021 1728 1087 Salernum
1773 1030 2112 1086 constltute
2157 1031 2319 1085 sunt.

782 1108 979 1174 Sexta
1007 1107 1336 1192 provincia
1363 1106 1628 1169 Lucana
1657 1105 1916 1169 inchoat
1943 1126 1983 1167 a
2010 1103 2207 1168 fluvio
2233 1102 2431 1169 Silere
2464 1126 2614 1168 cum
2648 1103 2843 1170 Oritia

612 1214 815 1279 usque
843 1191 926 1255 ad
969 1192 1202 1254 fretum
1248 1189 1537 1253 Siculum
1578 1210 1695 1275 per
1738 1210 1849 1253 ora
1890 1188 2084 1251 maris
2113 1188 2382 1269 Tirreni,
2417 1188 2581 1252 sicut
2630 1197 2694 1252 et
2730 1187 2842 1251 due

610 1276 968 1361 superiores
1010 1274 1392 1372 provinciae,
1438 1273 1737 1337 dextrum
1778 1270 1959 1337 Italic
2004 1292 2204 1335 cornu
2245 1282 2484 1352 tenenS,
2574 1271 2844 1354 ertingit.

609 1360 688 1423 In
733 1381 861 1444 qua
889 1368 1095 1444 posite
1126 1367 1274 1421 sunt
1317 1357 1627 1438 civitates,
1672 1354 1741 1418 id
1769 1364 1865 1419 est
1891 1357 2139 1436 Pestus,
2181 1355 2463 1440 LaynuS,
2506 1294 2841 1433 gassanuS,
2959 1418 2960 1423 ,

612 1440 932 1521 Cosentia,
960 1440 1257 1505 Malvitus
1301 1449 1365 1504 et
1406 1441 1702 1524 Regium.

781 1524 1068 1623 Septima
1097 1525 1428 1609 provincia
1454 1525 1521 1586 in
1549 1523 1905 1608 Apenninis
1935 1521 2214 1607 Alpibus
2240 1530 2647 1606 conputatur,
2736 1542 2845 1583 uae

611 1606 760 1685 inde
805 1608 1117 1691 orlginem
1160 1609 1446 1692 capiunt,
1487 1605 1602 1670 ubi
1630 1605 1828 1690 Alpes
1860 1604 2081 1670 Cotiae
2125 1605 2449 1671 finiuntur.
2516 1605 2623 1670 He
2739 1627 2842 1689 pes

611 1684 989 1775 Apenninae
1107 1712 1175 1753 cr
1247 1690 1527 1753 mediam
1599 1688 1849 1752 Italiam
1927 1689 2393 1786 pertingenteS,
2468 1688 2711 1752 Tuscia
2771 1686 2843 1750 ab

611 1773 846 1837 Emilia
904 1783 966 1837 et
1084 1771 1293 1836 mbria
1348 1796 1387 1836 a
1442 1772 1842 1837 Flamminea
1895 1772 2284 1836 d1vid1mtur.
2382 1774 2455 1836 In
2559 1795 2645 1835 ua
2710 1782 2845 1835 sunt

613 1858 903 1922 civitates
943 1856 1374 1921 Feronianum
1418 1866 1482 1920 et
1523 1854 2039 1937 Montebcllium,
2098 1857 2378 1920 Bovium
2421 1864 2484 1920 et
2592 1856 2843 1921 rbinum

610 1962 861 2006 necnon
919 1950 981 2005 et
1037 1940 1344 2026 oppidum
1401 1940 1576 2026 quod
1632 1941 1889 2003 Verona
1929 1938 2306 2026 appellatur.

785 2027 1034 2090 Octava
1078 2024 1409 2110 provincia
1450 2022 1704 2104 Emilia,
1749 2023 1877 2086 inci
1925 2023 2061 2088 iens
2100 2033 2143 2085 ‘a
2184 2024 2450 2108 Liguria
2546 2022 2844 2097 rovincia,

610 2108 778 2172 inter
832 2107 917 2172 Al
965 2130 1033 2172 es
1092 2107 1151 2170 A
1201 2108 1462 2172 enninas
1528 2119 1591 2171 et
1646 2107 1808 2171 Padi
1918 2116 2126 2187 uenta,
2192 2129 2413 2170 versus
2574 2125 2845 2170 vennam

657 2193 837 2276 ergit.
991 2213 1105 2255 aec
1173 2189 1573 2276 ocupletibus
1630 2189 1896 2256 urbibus
1954 2189 2167 2272 habet,
2220 2189 2571 2274 Plagentia,
2628 2188 2843 2273 Regio,

610 2214 858 2339 ssoonia
902 2283 964 2340 et
1005 2275 1174 2339 Foro
1220 2272 1515 2357 Cornelii,
1561 2274 1745 2338 cuius
1790 2284 2068 2339 castrum
2111 2272 2315 2338 Imola
2356 2296 2437 2359 ap
2486 2271 2733 2337 ellatur.

778 2359 965 2423 Nona
1006 2360 1336 2444 provincia
1391 2356 1722 2422 Flaminea
1776 2359 1985 2442 posita
2040 2368 2135 2423 est
2188 2357 2353 2422 inter
2393 2357 2456 2420 A
2480 2378 2594 2441 pes
2643 2355 2844 2440 Apen-

609 2442 793 2506 ninas
838 2453 901 2506 et
930 2464 1103 2506 mare
1132 2441 1554 2505 Adriaticum.
1640 2441 1719 2504 In
1761 2445 1923 2525 *qua
1967 2451 2120 2515 sunt
2154 2440 2550 2505 nobilissima
2593 2440 2843 2503 urbium

611 2526 918 2591 Ravenna
982 2537 1044 2589 et
1107 2526 1388 2623 quinque
1445 2524 1607 2588 aliae
1661 2524 1951 2589 civitates
2010 2524 2380 2605 consistunt,
2451 2544 2575 2608 que
2640 2524 2840 2587 Greco

610 2608 923 2674 vocabulo
967 2607 1368 2694 Pentapohm
1410 2629 1494 2693 ap
1545 2606 1816 2672 ellantur
1830 2610 1879 2670 ¹³.

777 2692 1052 2756 Decima
1121 2693 1456 2777 provincia
1563 2692 1817 2777 icenum
1883 2688 2160 2756 occurrit
2221 2701 2367 2777 post
2423 2688 2840 2768 Flamineam,

609 2776 690 2840 ab
741 2786 955 2840 austro
1010 2774 1200 2840 habet
1259 2774 1634 2860 Apenninos
1681 2785 1950 2855 montes,
2008 2797 2094 2839 ex
2146 2773 2343 2839 altera
2397 2784 2577 2860 parte
2624 2772 2841 2836 Adria·

609 2860 809 2922 ticum
872 2879 1067 2924 mare.
1162 2858 1343 2922 Haec
1409 2857 1729 2943 pertendit
1793 2879 1997 2942 usque
2060 2857 2144 2921 ad
2208 2856 2475 2922 fluvium
2538 2857 2837 2921 Piscaria.

608 2942 687 3005 In
731 2962 860 3027 qua
900 2950 1047 3005 sunt
1100 2941 1390 3006 civitates
1431 2942 1708 3023 Firmus,
1767 2939 2043 3006 Asculus
2088 2952 2151 3006 et
2192 2943 2449 3024 Pennis,
2505 2943 2703 3025 etiam
2744 2960 2839 3003 ve·

609 3033 842 3089 tustate
887 3032 1298 3109 consumptae
1332 3023 1662 3172 [Hadriapj
1696 3036 1741 3087 ⁰.

777 3107 1134 3172 Undecima
1243 3108 1533 3172 rovincia
1658 3106 1885 3189 aleria,
1964 3108 2071 3172 cui
2121 3107 2357 3172 Nursia
2409 3117 2505 3172 est
2573 3125 2833 3184 annexa,

610 3191 897 3256 consistit
938 3191 1104 3254 inter
1211 3191 1482 3256 mbriam
1525 3200 1588 3255 et
1630 3189 2051 3275 Campaniam
2093 3201 2155 3256 et
2181 3191 2510 3271 Picenum,
2558 3212 2724 3276 quae
2762 3186 2835 3250 ab

609 3274 846 3340 oriente
893 3273 1225 3339 Samnium
1267 3275 1594 3360 regionem
1637 3275 1909 3358 attingit.
1995 3274 2135 3337 Hec
2176 3273 2370 3339 habet
2411 3272 2606 3338 urbes
2653 3271 2837 3336 Tibu-

606 3359 747 3442 rim,
792 3357 1116 3441 CarsioliS,
1171 3360 1388 3439 Reate,
1431 3358 1790 3423 Forconem
1846 3366 1910 3421 et
1966 3356 2373 3422 Amiternum
2425 3366 2489 3422 et
2545 3357 2829 3442 regiones

606 3441 1006 3506 Marsorum‘l
1052 3453 1114 3506 et
1155 3463 1378 3506 eorum
1418 3440 1599 3506 lacus
1644 3442 1755 3528 qui
1800 3441 2081 3505 Focinus
2124 3440 2496 3526 appellatur.

772 3525 1179 3589 Duodecima
1206 3526 1538 3611 provincia
1569 3524 1902 3590 Samnium
1930 3526 2094 3588 inter
2126 3525 2549 3623 Campaniam
2577 3531 2643 3588 et
2670 3541 2835 3586 mare

606 3606 1006 3672 Adriaticum
1057 3618 1119 3673 et
1161 3607 1484 3694 Apuliam.
1530 3609 1714 3689 Quae
1758 3630 1797 3671 a
1839 3607 2127 3672 Piscaria
2186 3609 2497 3693 inclpiens
2553 3605 2831 3671 habetur.

604 3692 683 3755 In
737 3690 857 3754 hac
902 3701 1050 3756 sunt
1090 3691 1281 3757 urbes
1326 3692 1587 3773 Theate,
1631 3690 2068 3773 Aufidianum,
2121 3691 2421 3755 Hisernia
2465 3699 2528 3755 et
2569 3688 2833 3775 antiqui-

605 3783 733 3838 tate
777 3784 1150 3859 consumpta
1181 3776 1581 3860 Sampnium,
1625 3797 1664 3838 a
1709 3797 1836 3861 qua
1865 3783 1999 3838 tota
2042 3776 2375 3859 provincia
2417 3775 2831 3852 nominatur0,

606 3865 670 3921 et
712 3858 855 3942 ipsa
897 3856 1124 3920 harum
1156 3859 1637 3957 provinciarum
1680 3867 1872 3942 caput
1916 3857 2230 3922 ditissima
2272 3858 2728 3921 Beneventum.

772 3941 989 4005 Tertia
1032 3940 1282 4005 deonna
1321 3941 1653 4026 provincia
1680 3940 1935 4026 Apulia,
1984 3943 2343 4005 consociata
2372 3939 2495 4004 sibi
2520 3937 2830 4003 Calabria.

604 4023 747 4088 Hec
774 4023 968 4088 habet
1010 4024 1200 4089 urbes
1245 4025 1397 4088 satis
1445 4045 1480 4088 o
1530 4022 1775 4088 ulentas
1817 4024 2181 4104 Luceriam,
2228 4023 2585 4109 Sipontum,
2630 4021 2831 4087 Canu-

606 4107 790 4187 sium,
835 4108 1261 4190 Acerentiam,
1305 4108 1484 4171 Brun
1532 4108 1740 4188 isium,
1771 4109 2118 4171 Tarentum
2162 4116 2224 4172 et
2252 4109 2319 4170 in
2362 4107 2615 4170 sinistro
2659 4103 2830 4170 Italie

607 4212 824 4336 {og-nu,
870 4191 1044 4274 quod
1073 4192 1536 4276 quinquaginta
1564 4189 1820 4255 milibus
1864 4192 2132 4274 distans,⁴
2167 4199 2381 4276 aptam
2409 4188 2830 4254 mercimoniis

715 4283 986 4337 rontum.

608 4393 653 4446 a)
688 4396 746 4435 cl.
777 4405 882 4444 exp.
913 4407 948 4437 c.
1097 4396 1146 4449 b)
1180 4398 1440 4448 appellatur
1469 4410 1506 4438 c.
1676 4398 1717 4449 c)
1749 4401 1812 4438 ita
1845 4410 1894 4440 ex
1924 4399 2061 4439 Paulo
2095 4400 2304 4449 supplevi.
2456 4397 2501 4441 d)
2537 4399 2769 4439 Masorum
2797 4405 2832 4433 ο.

610 4451 652 4504 e)
684 4455 982 4493 nominantur
1012 4466 1047 4495 c.
