3042 4909
504 1261 860 1350 fflstoriae
900 1284 1501 1370 Lanqobardorum,
1561 1306 1725 1368 quae
1767 1305 1939 1368 prae
1981 1284 2201 1347 ceteris
2245 1284 2543 1369 operibus

338 1362 549 1431 Pauli
584 1366 958 1433 Casinensis
986 1369 1356 1432 memoriam
1379 1368 1663 1453 posteris
1690 1369 1986 1448 servavit,
2030 1366 2365 1431 editionem
2411 1365 2543 1432 luci

341 1446 649 1532 daturus,
692 1472 823 1516 non
856 1473 1129 1537 possum
1171 1452 1332 1535 quin
1375 1450 1563 1516 valde
1606 1449 1873 1532 doleam,
1917 1449 2314 1515 Ludovicum
2355 1450 2542 1516 Beth-

341 1552 663 1598 mannum
717 1533 770 1597 b.
824 1557 904 1598 m.
914 1582 936 1616 ,
996 1535 1110 1619 qui
1168 1541 1315 1598 ante
1361 1533 1520 1619 plus
1578 1556 1771 1618 quam
1829 1534 2277 1620 quadraqinta
2337 1556 2542 1599 annos

342 1635 490 1680 eam
530 1618 894 1682 curandam
938 1617 1243 1702 suscepit,
1301 1618 1361 1682 ei
1403 1640 1481 1682 ue
1524 1625 1653 1680 tam
1698 1617 1873 1681 domi
1912 1639 2103 1701 quam
2196 1639 2265 1680 er
2304 1618 2544 1682 itinera

343 1698 417 1761 in
468 1696 845 1784 Germania,
910 1700 1291 1783 Hollandia,
1421 1700 1647 1787 eloica,
1715 1698 1939 1764 Gallia
1998 1709 2054 1764 et
2141 1699 2305 1764 talia
2341 1700 2543 1786 facta

343 1803 380 1846 o
434 1803 614 1849 eram
677 1783 1071 1869 indefessam
1135 1784 1433 1868 navavit,
1492 1785 1651 1870 quin
1708 1786 1833 1849 imo
1889 1805 2114 1848 nomen
2169 1805 2358 1848 suum
2402 1807 2544 1849 cum

403 1865 550 1930 auli
592 1870 847 1933 nomine
890 1871 985 1933 ita
1030 1868 1400 1953 conjunxit,
1458 1876 1529 1931 ut
1585 1868 1697 1931 vico
1741 1889 2044 1951 umquam
2087 1866 2306 1931 divelli
2350 1889 2543 1953 posse

344 1948 718 2031 videantur,
763 1950 1201 2036 imperfectam
1245 1951 1415 2016 hanc
1444 1950 1632 2014 telam
1661 1950 2014 2037 reliquisse.
2107 1951 2315 2025 Quam
2340 1949 2544 2032 finire

344 2041 405 2097 et
453 2053 618 2118 opus
661 2035 780 2099 diu
822 2043 1251 2120 exspectatum
1282 2056 1476 2118 quam
1507 2035 1797 2118 primum
1823 2034 2079 2120 publici
2107 2036 2290 2120 juris
2314 2033 2547 2119 facere

325 2113 461 2200 fas
513 2116 702 2182 dumi.
787 2116 918 2183 Sed
966 2119 1039 2182 id
1097 2117 1444 2204 adyressus
1500 2138 1632 2182 non
1674 2126 1895 2203 potui,
1961 2119 2120 2203 quin
2173 2120 2547 2203 praecipua

319 2200 660 2285 ¹editionis
702 2201 998 2266 subsidia
1033 2199 1378 2288 diliyenter
1420 2209 1475 2265 et
1516 2202 1545 2264 i
1592 2221 1656 2263 se
1688 2212 2143 2286 perscrutarer
2170 2222 2366 2285 eaque
2410 2203 2547 2286 qui-

259 2343 265 2350 .
347 2282 470 2348 bus
511 2281 621 2347 ille
664 2284 950 2349 nondum
993 2306 1151 2348 usus
1195 2293 1334 2349 erat
1378 2284 1540 2349 adhi
1580 2305 1763 2347 erem.
1855 2281 1991 2358 Quo
2031 2283 2347 2347 adductus
2385 2305 2546 2365 sum,

349 2374 422 2431 ut
464 2378 702 2431 novoem
743 2376 949 2432 textus
993 2369 1420 2433 recensionem
1462 2367 1886 2449 instituerem,
1941 2366 2018 2430 de
2063 2368 2249 2451 cujus
2281 2365 2543 2451 funda-

351 2458 555 2514 mento
601 2458 657 2515 et
699 2452 953 2515 ratione
996 2473 1025 2513 e
1074 2452 1101 2515 i
1141 2452 1214 2515 in
1243 2448 1616 2515 Annalibus
1647 2450 1885 2513 nostris
1930 2448 2175 2531 (Neues
2207 2446 2449 2513 Archiv
2495 2450 2545 2527 I,

341 2554 416 2617 p.
459 2531 586 2597 535
630 2538 819 2618 sqq.).
910 2532 992 2599 Co
1040 2537 1212 2600 icum
1274 2555 1418 2598 vero
1484 2533 1973 2617 descriptionem
2038 2554 2079 2595 a
2141 2531 2546 2597 Bethmanno

352 2625 721 2702 conceptam
764 2626 1078 2701 quantum
1110 2618 1308 2702 potui
1362 2617 1633 2696 retinui,
1700 2616 1925 2679 ordine
1973 2615 2253 2699 paulum
2307 2624 2545 2681 mutato

351 2700 560 2785 iisque
606 2701 850 2764 additis
891 2710 947 2765 et
986 2701 1245 2766 mutatis
1288 2721 1452 2783 quae
1482 2700 1848 2764 necessaria
1892 2700 2034 2763 visa
2078 2708 2246 2763 sunt.
2331 2699 2547 2763 Etiam

354 2782 431 2848 de
473 2781 674 2847 Pauli
723 2784 860 2847 vita
914 2792 971 2848 et
1025 2783 1322 2868 operibus
1379 2783 1746 2848 Betbmann
1812 2783 2258 2847 dissertatione
2323 2781 2548 2847 celebri

352 2866 720 2952 yermanice
769 2868 1016 2952 scripta
1035 2865 1275 3014 {usius
1318 2888 1396 2931 eoe
1447 2868 1615 2932 osuit
1658 2866 1934 2948 (Archiv
1964 2866 2043 2948 X,
2087 2889 2163 2952 p.
2194 2866 2314 2930 247
2358 2869 2548 3015 εᾳᾳᾶ,

355 2949 465 3013 sed
517 2951 654 3034 ipsi
705 2950 978 3015 editioni
1078 2972 1188 3015 aec
1244 2971 1376 3014 non
1426 2973 1534 3015 um
1593 2952 1862 3034 aptavit.
1948 2950 2033 3013 Et
2075 2972 2286 3035 nuper
2343 2949 2406 3014 V.
2532 2996 2546 3012 .

354 3032 426 3096 F.
470 3033 709 3113 Dahn,
766 3042 836 3097 ut
877 3055 1111 3098 novam
1151 3035 1382 3119 maqni
1425 3036 1531 3098 sui
1575 3034 1787 3118 operis
1830 3033 1907 3096 de
1950 3033 2208 3118 reyibus
2253 3035 2545 3119 antiquo·

355 3136 502 3180 rum
534 3114 1005 3181 Germanorum
1036 3126 1482 3202 praepararet
1499 3125 1756 3201 partem
1786 3117 1874 3179 ad
1902 3116 2370 3202 Lanyobardos
2450 3138 2547 3181 er-

357 3198 674 3280 tinentem,
718 3200 984 3264 eandem
1011 3197 1200 3264 telam
1227 3200 1567 3264 teaeendam
1597 3200 1820 3264 sumsit
1862 3208 1917 3263 et
1947 3221 2077 3263 non
2109 3221 2332 3284 pauca
2430 3202 2551 3264 iter

357 3302 487 3347 esse
530 3282 940 3368 disponenda
967 3283 1317 3369 judicavit.
1407 3282 1589 3358 Quae
1632 3284 1924 3369 quamvis
1967 3305 2096 3347 non
2145 3284 2362 3347 omnia
2393 3305 2547 3367 pro-

357 3363 509 3429 bare
544 3369 814 3450 possim,
858 3389 991 3431 non
1033 3389 1239 3432 meum
1282 3366 1448 3431 duoei
1490 3388 1918 3451 quaecumque
1960 3366 2159 3430 dubia
2201 3376 2257 3430 et
2299 3368 2547 3430 incerta

355 3448 705 3514 videantur
745 3450 858 3514 hoc
901 3449 1035 3514 loco
1059 3448 1296 3535 fusius
1326 3451 1657 3533 discutere,
1704 3450 1970 3515 breviter
1999 3458 2249 3513 tantum
2277 3471 2355 3513 ea
2384 3471 2548 3533 quae

357 3531 434 3595 de
475 3533 785 3616 scriptore
844 3532 1238 3598 celeberrimo
1296 3543 1622 3619 comperta
1673 3532 1972 3596 habemus
2028 3552 2342 3616 exponere
2401 3553 2545 3596 con-

356 3622 580 3680 tentus.

528 3697 711 3773 Quae
754 3720 832 3763 eoe
873 3701 1087 3784 ipsius
1126 3699 1324 3764 Pauli
1364 3700 1624 3783 scriptis
1666 3698 1963 3762 docemur
2008 3698 2160 3761 haec
2236 3719 2337 3763 ere
2380 3708 2547 3762 sunt.

357 3780 575 3845 Natus
629 3790 770 3846 erat
817 3792 1009 3866 patre
1064 3782 1512 3868 WarnefridO,
1568 3790 1772 3846 matre
1818 3780 2169 3846 Tbeudelin
2221 3804 2282 3845 a.
2369 3782 2548 3846 Avus

361 3864 643 3946 Arichis,
691 3887 990 3951 proavus
1034 3865 1125 3930 Lo
1173 3866 1340 3930 ichis
1384 3864 1478 3930 vel
1521 3865 1858 3951 Lupichis,
1921 3865 2164 3929 abavus
2209 3864 2529 3950 Leupchis

359 3948 472 4032 qui
514 3948 631 4012 sub
676 3947 958 4013 Albuino
999 3949 1101 4014 Ita
1128 3951 1261 4013 iam
1314 3951 1560 4014 venisse
1617 3958 1956 4013 narratur.
2040 3947 2230 4015 Filiis
2284 3951 2423 4035 ejus
2470 3913 2548 4012 ab

358 4029 602 4097 Avaris
644 4032 717 4096 in
762 4034 1195 4135 captivitatem
1239 4033 1466 4112 ductis,
1512 4054 1684 4097 unus
1729 4054 1948 4097 eorum
1971 4030 2159 4131 fuya
2187 4031 2445 4115 elapsus
2477 4034 2549 4095 in

347 4116 647 4199 patriam
673 4115 885 4200 rediit,
931 4119 1045 4202 qui
1071 4117 1146 4180 in
1169 4117 1520 4201 provincia
1550 4115 2023 4202 Forojuliensi¹
2069 4115 2345 4180 ‘domum
2377 4136 2549 4179 reae-

515 4288 570 4352 1)
608 4288 828 4341 Fratres
867 4303 931 4341 σω
965 4295 1134 4341 castro
1169 4285 1518 4355 Forojuliensi
1556 4286 1621 4338 ab
1658 4284 1853 4339 Avaris
1890 4285 2100 4339 deducti
2137 4285 2386 4338 dicuntur
2399 4303 2417 4348 ,-
2454 4286 2546 4337 sed

341 4357 576 4424 sortasse
626 4359 743 4413 belli
780 4366 1002 4427 tempore
1041 4358 1122 4411 hic
1159 4376 1243 4413 eos
1279 4367 1504 4411 moratos
1542 4375 1669 4424 esse,
1726 4358 1889 4410 Dalm
1917 4376 1978 4425 p.
2019 4360 2069 4410 3.
2108 4359 2323 4411 monuit.
2400 4355 2543 4409 Certe

2069 4458 2095 4506 1
