3042 4909
599 337 819 389 PAULI
858 337 1204 392 HISTORIA
1243 338 1914 394 LANGOBARDORUM.
1993 343 2136 397 LIB.
2176 346 2270 397 vl.
2467 348 2569 397 231

327 505 702 571 Petronaci⁸
735 505 802 568 in
831 505 1122 592 sequenti
1148 514 1438 592 tempore
1470 506 1875 573 sacerdotum
1920 511 2307 597 praecipuus
2338 523 2401 578 et
2427 514 2572 579 Deo

324 588 597 655 dilectus
646 589 936 674 pontifex
984 588 1329 654 Zacharias
1392 588 1582 676 plura
1645 591 1960 657 adiutoria
2023 593 2309 678 contulit,
2376 595 2572 662 libros

325 671 570 738 scilicet
609 682 868 738 sanctae
912 674 1264 801 scripturae
1294 682 1358 738 et
1398 672 1525 738 alia
1567 696 1857 762 quaeque
1903 698 2067 762 quae
2109 677 2193 743 ad
2236 678 2573 746 utilitatem

324 756 695 822 monasterii
724 757 1042 842 pertinent
1092 781 1107 839 ;
1152 757 1414 843 insuper
1443 768 1507 823 et
1548 757 1854 845 regulam,
1900 783 2092 859 quam
2138 762 2361 827 beatus
2386 773 2575 863 pater

324 840 716 906 Benedictus
761 842 891 905 suis
936 842 1169 905 sanctis
1216 840 1513 905 manibus
1575 845 1985 930 conscripslt,
2031 855 2295 930 paterna
2336 856 2572 933 p1etate

325 924 702 989 concessit1.
797 924 1300 990 Monasterium0
1363 946 1517 990 vero
1584 927 1799 992 beati(¹
1852 928 2173 993 Vincentii
2240 932 2569 1017 martyris,

325 1007 504 1093 quod
566 1008 750 1072 iuxta
813 1007 1149 1074 Vulturni0
1214 1008 1495 1073 fluminis
1559 1008 1800 1075 fontem
1859 1012 2052 1076 situm
2103 1021 2227 1096 est,
2283 1024 2347 1079 et
2399 1036 2569 1080 nunc

326 1092 602 1176 magnas
655 1093 1148 1178 congregatione
1198 1091 1471 1178 refulget
1542 1114 1582 1156 a
1632 1095 1835 1160 tribus
1878 1095 2200 1162 nobilibus
2242 1096 2568 1179 stau-ibus,

326 1173 450 1240 hoc
497 1183 595 1240 est
663 1176 825 1240 Tato
845 1187 893 1258 8,
938 1177 1106 1240 Taso
1152 1183 1215 1239 et
1261 1140 1508 1264 Paldoj,
1554 1177 1683 1241 iam
1725 1186 1879 1242 tunc
1929 1179 2354 1263 aedificatum,
2407 1182 2574 1247 sicut

323 1259 447 1322 viri
503 1279 619 1322 eru
665 1259 917 1324 itissimi
981 1259 1323 1345 Autperti¹³¹
1397 1259 1685 1325 eiusdem
1758 1265 2128 1328 monasterii
2183 1263 2435 1330 abbatis
2502 1265 2572 1328 in

320 1341 667 1424 volumine,
710 1342 884 1428 quod
927 1343 1008 1408 de
1066 1343 1186 1407 hac
1243 1365 1312 1407 re
1372 1345 1746 1430 conposuit,
1807 1346 2048 1434 scripta
2100 1347 2565 1432 significanti-².

324 1425 728 1512 Superstitek
767 1425 1171 1493 saneadhuc
1212 1427 1397 1493 beato
1440 1449 1527 1513 pa
1576 1448 1615 1490 a
1645 1426 1958 1515 Gregorio
2001 1429 2328 1496 Romanae
2373 1430 2562 1511 sedis,
2587 1460 2761 1510 mne.

321 1508 690 1575 Cumanum
702 1510 733 1552 ¹·
752 1521 775 1558 ³
807 1521 1088 1578 castrum
1117 1534 1157 1576 a
1184 1510 1529 1597 Langobar
1579 1512 1630 1575 's
1659 1512 2182 1578 Beneventanis*¹¹
2226 1536 2566 1600 pervasum

325 1603 452 1659 est·
497 1592 611 1658 sed
654 1606 732 1656 a¹¹
789 1593 949 1660 duce
1000 1592 1461 1681 Neapolitano⁰
1524 1604 1718 1660 noctu
1762 1599 2247 1683 superveniente
2299 1596 2562 1684 quidam

321 1700 410 1742 ex
436 1641 879 1763 laangobardis
910 1678 1100 1765 capti,
1148 1679 1408 1777 quidam
1451 1679 1768 1766 perempti
1811 1689 1975 1745 sunt.
2064 1680 2357 1746 Castrum
2415 1700 2570 1767 quo·

324 1784 452 1848 que
528 1762 740 1848 ipsum
817 1782 855 1825 a
913 1762 1217 1826 Romams
1283 1771 1380 1827 est
1441 1772 1792 1850 receptum.
1893 1765 2019 1829 Pro
2086 1767 2266 1830 cuius
2332 1766 2566 1829 casn-iv

321 1845 828 1994 redemptionefin
846 1857 893 1992 (d
899 1845 1194 1945 pontifex
1224 1847 1628 1931 septuaginta
1655 1846 1849 1913 libras
1880 1849 2041 1932 auri,
2084 1850 2250 1914 sicut
2276 1849 2570 1935 primitus

371 1938 705 1994 romlserat
812 1952 846 1994 e
894 1938 961 1994 1t.

325 1951 368 2016 P
491 2015 595 2077 41.
680 1977 856 2077 I'nter
896 2012 1058 2078 haec
1099 2011 1396 2079 defuncto
1437 2015 1821 2100 imperatore
1860 2013 2240 2096 Theodosio,
2286 2016 2397 2101 qui
2442 2037 2565 2081 uno
2586 2040 2687 2080 ⁷1⁷.

325 2095 724 2163 solummodo
768 2098 1147 2182 imperiumr
1187 2106 1442 2162 rexerat
1483 2117 1670 2180 anno,
1724 2098 1859 2163 eius
1901 2098 1969 2160 in
2010 2096 2151 2163 loco
2193 2098 2325 2162 Leo
2368 2119 2567 2185 augu-

329 2190 465 2244 stus
509 2180 891 2267 subrogatur
906 2193 944 2225 ³·
960 2190 1004 2244 ⁴.

494 2265 629 2329 42⁸
714 2268 893 2351 Aput
953 2265 1345 2329 Francorum
1465 2284 1677 2350 uoque
1754 2272 2010 2348 gentem
2074 2265 2348 2350 Pipinou
2431 2266 2566 2330 vita
2584 2291 2685 2332 τη.

328 2356 662 2434 exempt0‚
707 2349 843 2412 eius
884 2347 1053 2412 filius
1096 2345 1383 2430 Carolus,
1475 2370 1509 2413 e
1556 2369 1682 2433 quo
1726 2348 2257 2433 praemiseramus
2270 2360 2374 2431 Μ,
2420 2347 2567 2414 licet

327 2454 445 2518 per
500 2429 700 2495 multa
749 2430 915 2497 bella
972 2440 1036 2496 et
1089 2432 1466 2513 certamina,
1512 2430 1592 2495 de
1636 2453 1832 2496 manu
1872 2431 2285 2517 Raginfridiw
2327 2431 2563 2518 princi-

323 2524 550 2601 patum
594 2514 863 2579 sustulit.
935 2514 1103 2579 Nam
1149 2535 1295 2578 cum
1325 2515 1393 2578 in
1437 2513 1728 2580 custodia
1767 2525 2104 2598 teneretur,
2149 2514 2368 2580 divino
2411 2524 2573 2580 nutu

321 2608 580 2687 ereptus
625 2598 871 2685 aufugit
890 2608 933 2682 ⁰,
977 2621 1052 2662 ae
1095 2599 1377 2685 primum
1421 2606 1643 2663 contra
1670 2597 2119 2685 Raginfridum
2150 2620 2296 2663 cum
2339 2599 2564 2685 paucis

331 2742 379 2796 a)
410 2744 658 2784 Petranaei
688 2743 725 2783 F
761 2746 811 2793 13
841 2743 1119 2784 Petronaeio
1154 2742 1195 2784 G
1229 2743 1272 2784 8.
1304 2745 1346 2784 4.
1469 2742 1517 2795 b)
1551 2743 1755 2794 pertinet
1787 2742 1829 2784 G
1850 2745 1890 2784 1.
1927 2743 1966 2783 2.
2089 2741 2131 2795 c)
2165 2755 2324 2784 novum
2353 2745 2439 2786 ino.
2470 2754 2568 2793 cap.

330 2801 498 2855 (XLII)
528 2802 570 2843 A
601 2798 665 2855 ·8,
697 2799 909 2856 (xmm)
937 2803 974 2841 F
1009 2804 1047 2846 1.
1185 2799 1232 2854 d)
1266 2803 1414 2842 sancti
1443 2803 1497 2844 E.
1531 2803 1583 2842 F.
1620 2801 1675 2844 G.
1708 2802 1733 2842 1
1765 2803 1803 2842 2.
1841 2822 1894 2832 ·-·
1927 2803 2166 2843 vincentis
2197 2804 2234 2843 Ρ
2269 2805 2318 2853 13
2351 2802 2570 2848 Vincenti

331 2862 374 2903 G
406 2862 535 2904 1-4.
667 2858 711 2911 e)
742 2861 960 2901 Bulturni
993 2862 1030 2901 F
1065 2861 1104 2902 1.
1241 2859 1277 2912 f)
1312 2871 1527 2909 magnam
1561 2861 1969 2909 congregationem
2003 2860 2043 2902 G
2076 2862 2116 2902 8.
2152 2882 2205 2892 -
2239 2863 2430 2911 refulgit
2458 2862 2495 2902 F
2530 2863 2570 2902 1.

331 2920 373 2965 G
393 2921 523 2965 1-4.
640 2917 686 2970 g)
720 2919 781 2958 ita
813 2921 851 2961 A
870 2920 910 2962 8.
925 2921 954 2958 4
984 2920 1184 2959 lacunam
1214 2920 1262 2961 in
1293 2921 1534 2971 archetypo,
1565 2924 1612 2960 ut
1642 2921 1824 2971 videtur,
1856 2920 2044 2960 relictam
2073 2922 2239 2970 explere
2267 2922 2414 2962 cenati
2441 2924 2569 2970 sunu

328 2979 524 3020 &macter
553 2979 590 3019 Ε·
626 2980 678 3019 2ε
727 2978 934 3019 Tassone
967 2978 1143 3019 Catone
1176 2982 1221 3019 et
1251 2980 1392 3029 Ταῖος
1437 2979 1476 3018 L
1511 2980 1562 3020 1:
1596 2981 1775 3020 'Patone
1807 2982 1852 3019 et
1888 2980 2094 3020 Tassoue
2127 2984 2174 3021 et
2204 2980 2439 3030 Paldone;
2470 2980 2574 3019 haec

330 3040 421 3079 des.
451 3042 546 3079 cett.
579 3059 631 3070 —
668 3040 738 3078 est
769 3049 849 3078 om.
882 3038 926 3078 Η
962 3039 1000 3089 1,
1032 3037 1111 3077 del.
1144 3037 1181 3077 F
1217 3039 1256 3078 1.
1290 3059 1343 3069 —
1378 3038 1431 3081 fr.
1465 3048 1567 3080 esse
1599 3039 1631 3078 1.
1662 3039 1703 3077 D
1725 3040 1762 3081 2.
1797 3038 1847 3088 ὃς
1879 3039 1966 3078 hoc
1997 3042 2035 3077 et
2066 3039 2159 3079 iam
2190 3041 2301 3080 tunc
2332 3040 2418 3079 des.
2450 3038 2487 3078 F
2525 3039 2570 3078 5.

334 3120 387 3128 —
418 3095 603 3137 edificat
633 3096 670 3136 F
705 3099 744 3136 1.
779 3095 820 3137 G
853 3098 925 3136 1-
939 3096 980 3137 8.
1116 3093 1165 3148 h)
1197 3096 1391 3146 Auperti
1421 3097 1458 3137 F
1493 3099 1542 3147 13
1588 3095 1801 3138 Autberti
1832 3096 1882 3138 Ο.
1916 3098 1971 3136 D.
2006 3098 2029 3137 1
2064 3099 2103 3148 1,
2135 3098 2230 3140 alii.
2364 3095 2398 3149 i)
2427 3096 2568 3146 tigni-

330 3157 438 3196 flcat
470 3153 511 3196 G
544 3159 584 3196 1.
621 3157 668 3204 23
701 3155 963 3204 significant
992 3166 1013 3193 e
1044 3165 1158 3199 corr,
1190 3155 1225 3193 F
1260 3156 1299 3196 1.
1436 3153 1486 3206 k)
1518 3166 1678 3196 novum
1708 3157 1790 3195 inc.
1822 3165 1918 3204 cap.
1948 3154 2103 3206 (XLV)
2135 3157 2172 3196 F
2207 3158 2246 3197 1.
2369 3154 2404 3205 l)
2438 3156 2573 3197 Oum-

329 3225 550 3263 magnum
580 3214 617 3254 F
651 3215 688 3253 1.
723 3214 764 3255 G
799 3215 923 3255 1-4,
957 3213 1024 3254 ὅσ.
1148 3211 1210 3264 m)
1241 3214 1416 3253 Penev.
1448 3214 1485 3253 F
1521 3215 1561 3254 1.
1685 3214 1734 3265 n)
1768 3214 1825 3254 ad
1857 3213 1897 3253 A
1931 3215 1975 3253 2.
2007 3214 2042 3254 C
2077 3216 2118 3253 1.
2152 3213 2253 3255 G8.
2376 3213 2421 3266 o)
2453 3214 2571 3254 Nea-

330 3274 529 3325 politino
576 3272 617 3314 G
649 3273 690 3313 ³.
740 3294 792 3304 —
843 3276 1004 3313 noctus
1048 3272 1085 3311 F
1121 3273 1158 3314 1.
1309 3269 1357 3324 p)
1391 3273 1554 3312 castris
1600 3271 1640 3312 A
1677 3274 1717 3314 2.
1767 3272 1801 3313 Ο
1836 3273 1877 3315 1.
1919 3273 1961 3311 D
1996 3274 2034 3311 1.
2066 3273 2104 3312 Ε
2140 3274 2177 3314 1.
2209 3274 2246 3312 F
2282 3274 2320 3313 1.
2357 3271 2399 3313 G
2432 3272 2573 3322 1—43

329 3333 448 3384 quod
478 3332 525 3373 in
556 3332 780 3382 archetypo
800 3331 946 3381 fuisse
974 3330 1200 3370 verisimile
1230 3335 1303 3372 eet.
1456 3330 1503 3380 q)
1535 3331 1599 3370 ita
1645 3330 1685 3371 A
1720 3332 1759 3371 2.
1810 3329 1845 3371 C
1880 3332 1919 3370 1.
1967 3330 2010 3369 D
2049 3333 2086 3370 1.
2128 3332 2165 3370 F
2199 3333 2239 3371 1.
2275 3329 2317 3371 G
2348 3332 2387 3371 1.
2421 3331 2475 3380 43
2507 3340 2574 3371 re·

331 3391 597 3442 demptione
627 3391 763 3430 ceteri.
814 3413 863 3422 —
910 3390 953 3430 D
987 3391 1011 3428 1
1044 3390 1092 3428 in
1121 3400 1257 3439 mara.
1291 3389 1434 3428 addie:
1466 3390 1555 3429 Hie
1588 3389 1839 3437 Gregorius
1869 3390 2008 3429 vertit
2036 3389 2336 3430 festivitatem
2365 3389 2573 3429 omnium

331 3452 597 3501 martyrum,
629 3460 767 3499 quam
796 3448 1067 3489 Bonifacius
1099 3450 1337 3499 statuerat,
1368 3448 1417 3487 in
1449 3448 1626 3488 honore
1656 3451 1919 3488 sanctorum
1950 3448 2170 3489 omnium.
2304 3445 2344 3499 r)
2376 3447 2573 3498 imperio

332 3509 374 3551 G
395 3509 437 3551 3.
469 3508 511 3550 4.
604 3505 645 3557 s)
678 3507 952 3556 subrogatus
985 3505 1085 3548 02.
1121 3507 1164 3547 3.
1194 3509 1236 3549 4.
1325 3503 1361 3556 t)
1394 3507 1470 3546 hoe
1500 3517 1598 3556 cap.
1630 3517 1712 3549 ont.
1742 3506 1780 3546 A
1801 3507 1841 3546 6.
1936 3506 1983 3556 u)
2015 3506 2214 3555 Pippino
2247 3506 2323 3545 hoe
2354 3506 2446 3545 loco
2476 3506 2574 3549 Pl.

331 3566 378 3620 ν)
411 3567 791 3618 praedixeramus
825 3566 859 3607 C
893 3569 932 3609 1.
967 3567 1005 3606 2.
1159 3564 1219 3616 w)
1252 3566 1315 3605 ita
1345 3564 1387 3604 A
1422 3567 1460 3605 1.
1493 3566 1533 3612 3,
1566 3564 1673 3616 αἱίἰς
1718 3564 1947 3614 Ragifridi
1979 3564 2020 3605 A
2055 3566 2105 3615 23
2147 3564 2428 3613 Ragimfridi
2459 3564 2496 3604 F
2531 3565 2571 3604 1.

232 3629 240 3638 ·
333 3627 377 3668 G
411 3628 460 3676 23
506 3625 782 3674 Ragrimssdi
816 3624 857 3666 G
891 3627 941 3675 13
988 3624 1274 3672 Ragimfredi
1317 3624 1357 3665 A
1388 3620 1449 3665 ’8.
1496 3623 1538 3665 G
1569 3623 1620 3674 ὃς
1667 3623 1910 3664 Raint‘redi
1953 3625 1995 3663 D
2030 3624 2070 3664 2.
2120 3644 2172 3653 --
2222 3621 2486 3672 Bagint'ridi
2523 3643 2567 3654 -

331 3689 519 3736 ereptus
550 3685 635 3726 des.
655 3684 690 3726 C
709 3686 759 3735 13
789 3684 862 3724 sed
884 3687 1038 3734 postea
1067 3683 1182 3723 inter
1211 3683 1340 3723 verba
1372 3682 1713 3732 novissimeque
1746 3692 1849 3723 eum
1880 3687 1919 3721 et
1950 3685 2062 3732 aput
2090 3682 2193 3721 haec
2220 3681 2384 3721 inserta
2414 3687 2531 3724 eunt.

338 3790 396 3855 1)
435 3787 662 3841 Sacrum
700 3786 838 3837 hunc
885 3787 1098 3853 reyulae
1147 3784 1371 3837 codicem
1424 3801 1567 3837 anno
1608 3784 1731 3836 896.
1783 3781 2024 3835 incendio
2076 3790 2359 3834 crematum
2392 3781 2573 3846 fuisse

331 3880 449 3914 cum
490 3858 749 3914 Teanemi
784 3860 1116 3923 monasterio,
1158 3867 1341 3912 auctor
1380 3866 1455 3910 est
1481 3857 1589 3911 Leo
1629 3857 1719 3910 lib.
1747 3856 1795 3921 Ι,
1833 3873 1950 3923 cap.
1979 3855 2069 3907 48.
2146 3854 2358 3907 Nucem
2397 3863 2571 3906 tamen

325 3941 647 4003 postremum
687 3930 808 3983 libri
856 3941 1013 3999 caput
1053 3932 1120 3983 ab
1169 3932 1290 4000 iyne
1339 3937 1607 3984 servatum
1656 3932 1714 3982 in
1763 3947 1859 3982 suo
1913 3926 2212 3981 Gaesinemi
2259 3927 2573 3979 monasterio

332 4007 710 4076 maculabatur
750 4005 851 4057 Nr.
878 4006 1003 4058 49⁷.
1070 4006 1162 4060 BI.
1314 4003 1372 4070 2)
1410 4004 1563 4057 Haec
1586 4004 1644 4056 i‘n
1679 4003 1855 4055 chron.
1896 4003 2242 4055 Vulturneme
2269 4017 2303 4051 a
2327 3999 2573 4051 Iohanne

333 4090 543 4148 recepta
579 4084 720 4132 sunt.
864 4077 948 4147 Β)
987 4078 1138 4131 Haec
1175 4094 1239 4130 ex
1297 4078 1362 4130 G.
1410 4084 1562 4143 pont.
1622 4076 1779 4145 Grey.
1839 4074 1919 4138 II,
1979 4075 2072 4127 sed
2109 4074 2279 4125 verbis
2336 4072 2571 4136 mutatis,

335 4152 602 4221 descripta
638 4161 780 4204 sunt.
966 4150 1026 4219 4)
1064 4152 1151 4203 Ex
1188 4151 1359 4203 Beda.
1436 4152 1505 4202 At
1561 4168 1669 4202 non
1723 4149 1988 4216 defuncto,
2047 4154 2106 4197 ut
2160 4148 2298 4198 male
2361 4145 2573 4210 scripsit

336 4227 564 4290 Paulus,
603 4225 697 4277 sed
723 4223 957 4292 deposito
992 4224 1278 4276 Theodosio
1317 4221 1557 4276 successit
1581 4222 1707 4275 Leo.
1743 4223 1852 4274 ΒΕ.
1969 4222 2022 4282 6)
2075 4219 2167 4281 VI,
2190 4220 2279 4271 37.
2382 4217 2441 4283 6)
2484 4216 2570 4270 82·-

334 4300 484 4352 milia
520 4299 578 4351 in
617 4297 798 4351 chron.
838 4296 1020 4350 Moiss.
1048 4315 1101 4364 p.
1143 4298 1266 4349 290.
1307 4295 1423 4365 leqi,
1462 4295 1647 4349 Jacobi
1680 4313 1735 4362 p.
1775 4296 1864 4346 34.
1905 4290 2126 4345 monuit.
