3042 4909
741 410 961 463 PAULI
1000 411 1348 465 HISTORIA
1386 412 2059 466 LANGOBARDORUM.
2488 414 2519 464 7

282 579 426 667 plus
472 579 745 645 lectione
789 600 982 665 quam
1028 578 1191 661 cibo,
1236 600 1408 644 nunc
1437 577 1834 664 singulorum
1875 578 2274 647 considerare
2317 580 2385 644 in
2427 578 2518 644 di-

279 664 483 729 versis
541 662 770 730 officiis
831 661 1038 728 studia
1054 711 1071 746 ,
1129 684 1302 727 nunc
1359 664 1653 749 gravium
1710 664 1837 727 iam
1897 664 2075 729 senio
2119 685 2234 729 seu
2276 662 2519 750 langui-

282 745 529 831 dorum,
621 746 899 812 uomodo
944 747 1086 833 quis
1134 768 1215 811 ue
1255 746 1484 831 valeat,
1528 746 1892 834 perdiscere
1935 768 2179 829 causas,
2222 768 2394 812 nunc
2435 747 2518 813 ad

280 831 485 896 instar
660 832 684 895 i
734 829 1035 917 paradisi·
1150 841 1294 897 ecta
1334 841 1702 896 sanctorum
1745 841 1986 897 terere⁸
2027 830 2267 896 limina.

449 913 680 998 Crede,
726 924 910 1001 pater
951 923 1017 979 et
1058 913 1333 997 domine,
1379 915 1571 980 crede
1614 936 1795 979 sacra
1824 925 1888 980 et
1915 913 2299 980 venerabilis
2389 913 2517 979 hal·

277 997 464 1082 lanx,
511 996 645 1064 solo
688 1021 791 1064 me
809 999 838 1041 ¹³
868 998 1102 1064 affectu
1131 997 1623 1081 misericordiae,
1670 998 1819 1063 solis
1908 999 2117 1064 ietatis
2158 999 2334 1085 preci
2383 1010 2497 1063 us⁶

278 1080 427 1147 solis
482 1083 735 1148 animae
791 1080 897 1147 hic
951 1080 1343 1168 profectibus
1396 1080 1480 1146 ad
1535 1091 1789 1168 tempus
1893 1083 2161 1164 eteneri;
2227 1091 2291 1147 et
2344 1103 2432 1168 qu

278 1165 375 1231 his
420 1176 518 1232 est
562 1164 868 1252 amplius,
914 1163 1284 1253 tranquillid
1326 1167 1530 1231 nostri
1571 1167 1743 1252 regis
1786 1175 1849 1232 et
1901 1164 2142 1230 domini
2185 1174 2516 1251 potestate.

281 1248 587 1315 Ceterum
632 1270 826 1337 quam
869 1250 1148 1335 primum
1191 1248 1453 1315 valuero
1499 1260 1564 1315 et
1613 1248 1771 1314 mihi
1826 1247 1987 1316 caeli
2027 1249 2348 1314 Dominus
2403 1271 2520 1335 per

278 1333 459 1420 pium
506 1334 863 1419 principem
906 1343 1160 1398 noctem
1206 1335 1509 1398 maeroris
1561 1335 1849 1419 meisque
1893 1334 2165 1419 captivis
2208 1333 2362 1432 iuga
2404 1333 2518 1396 mi-

281 1419 482 1482 seriae
515 1417 859 1500 demiserit,
891 1417 945 1480 si
973 1427 1189 1482 tamen
1220 1416 1822 1504 quomodocumque
1846 1415 2320 1482 clementissimi
2348 1416 2517 1502 prin-

280 1500 441 1586 cipis
465 1499 818 1567 iocundum
842 1501 1106 1587 quivero
1129 1502 1396 1566 emereri
1417 1502 1823 1587 permissum,
1852 1523 2007 1566 mox
2029 1500 2112 1566 ad
2131 1510 2347 1566 vestra
2370 1521 2516 1564 con-

282 1585 497 1669 sortia,
515 1582 693 1649 nulla
704 1583 831 1649 alia
843 1584 976 1650 vita
992 1585 1222 1649 comite
1240 1583 1536 1650 detentus
1557 1585 1912 1668 occasione,
1924 1583 2268 1672 repedabo.
2289 1581 2517 1648 Nullae

281 1689 401 1749 me,
435 1668 695 1750 credite,
719 1666 999 1748 divitiae,
1023 1665 1197 1733 nulla
1218 1666 1463 1754 predia,
1483 1666 1661 1733 nulla
1681 1667 2013 1734 flaventis⁰
2044 1666 2280 1733 metalli
2310 1667 2515 1753 copia,

278 1751 490 1818 nullus
515 1749 950 1839 quorumlibet
969 1751 1231 1816 affectus
1254 1775 1293 1816 a
1315 1761 1530 1817 vestro
1548 1752 1570 1795 f
1591 1759 1891 1838 poterunt
1911 1774 2204 1838 separare
2224 1749 2516 1835 collegio.

445 1835 542 1901 Te
584 1837 832 1922 itaque,
876 1844 1059 1921 pater
1101 1834 1468 1901 dulcissime
1487 1886 1503 1919 ,
1546 1857 1823 1923 vosque,
1871 1857 1907 1900 o
1953 1835 2261 1900 carissimi
2303 1844 2517 1919 patres

278 1929 340 1985 et
380 1919 632 2001 fratres,
674 1918 944 2005 inploro,
988 1940 1105 2005 pro
1149 1941 1251 1984 me
1297 1919 1595 1985 continue
1626 1920 2068 1986 beatissimum
2111 1937 2517 1985 communem

279 2015 530 2090 patrem
586 2012 650 2067 et
750 2012 1145 2089 receptorem
1203 2024 1469 2088 poscere
1523 2002 1880 2089 dignamini
1933 2002 2356 2068 Benedictum
2372 2050 2387 2084 ,
2445 2009 2518 2065 ut

280 2089 411 2153 suis
456 2108 496 2150 a
544 2085 632 2151 ud
664 2025 992 2152 Cffifistum
1037 2084 1335 2152 obteneat
1362 2087 1624 2168 meritis,
1668 2098 1740 2152 ut
1767 2110 1870 2152 me
1901 2087 2270 2173 quantotius
2300 2083 2517 2171 digne-

277 2180 381 2235 tur
407 2193 478 2236 re
527 2169 677 2236 dere
714 2169 918 2235 vobis.
1008 2170 1213 2256 Spero
1258 2192 1294 2235 e
1341 2169 1558 2235 uidem
1602 2173 1667 2235 in
1709 2170 1855 2236 Deo
1899 2180 2137 2251 nostr0‚
2182 2169 2294 2256 qui
2335 2190 2516 2231 num-

281 2276 476 2341 quam
531 2253 597 2318 in
660 2253 845 2318 bonis
891 2253 1131 2340 patitur
1174 2253 1311 2321 desi
1359 2256 1504 2320 eriis
1551 2276 1941 2354 quemquam
1993 2252 2293 2332 fraudari,
2345 2249 2519 2349 quod

280 2360 380 2404 me
426 2337 783 2404 secundum
840 2335 1192 2403 anhelantis
1244 2338 1371 2403 mei
1415 2338 1625 2404 cord1s
1670 2338 2055 2403 desiderium
2100 2334 2285 2400 vobis
2330 2334 2516 2398 cltius

280 2423 573 2489 restituat
631 2443 777 2486 cum
838 2442 1120 2508 congruo
1174 2421 1406 2487 fructu.
1516 2419 1929 2508 Superfluum
1978 2418 2164 2485 vobis
2229 2416 2516 2499 aestimo,

282 2516 351 2570 ut
393 2504 734 2571 effundatis
776 2526 1001 2591 preces
1057 2527 1174 2591 pro
1217 2506 1450 2571 nostris
1494 2505 1768 2569 dominis
1819 2524 2168 2591 eorumque
2211 2501 2516 2582 exercitu,

281 2591 588 2670 scribere,
636 2611 784 2653 cum
829 2590 1062 2670 sciam,
1119 2611 1234 2654 vos
1276 2592 1343 2653 in
1386 2589 1508 2653 hoc
1551 2590 1692 2675 ipso
1738 2609 1990 2674 semper
2031 2587 2353 2666 insistere3
2397 2604 2514 2669 pro

280 2673 516 2739 domno
556 2670 643 2737 ill.
661 2684 690 2727 8
720 2671 973 2756 abbate,
1017 2674 1183 2738 sicut
1210 2682 1273 2738 et
1315 2672 1543 2755 facitis,
1589 2671 1915 2738 Christum
1944 2671 2289 2758 deposcite,
2336 2669 2516 2732 cuius

282 2756 382 2822 hic
437 2759 538 2822 sin
654 2757 749 2821 ari
801 2764 948 2855 post
1004 2754 1424 2856 principalem
1469 2755 1972 2821 munificentiam
2017 2755 2286 2819 *nutrior
2327 2749 2515 2837 largi·
2535 2773 2554 2793 ·

282 2851 426 2907 tate.
574 2849 725 2904 anta
764 2838 942 2920 milu,
986 2840 1315 2922 cariss1m1,
1359 2851 1571 2906 vestra
1613 2838 1763 2904 illuc
1807 2840 1993 2926 copia
2035 2838 2283 2919 existit,
2327 2845 2417 2918 ut,
2461 2835 2517 2899 si

281 2923 496 2990 vellim
538 2945 654 2990 vos
698 2921 1103 3009 singulariter
1157 2945 1562 3009 nuncupare,
1627 2933 1762 2990 tota
1816 2922 1976 2989 haec
2030 2920 2260 2987 vestris
2316 2918 2516 2985 nomi-

280 3007 467 3073 nibus
514 3008 753 3094 pagina
792 3028 925 3071 non
967 3007 1170 3093 possit
1199 3007 1508 3073 sufficere.
1596 3005 1785 3073 Unde
1815 3004 2197 3092 generaliter
2225 3001 2519 3069 omnibus

281 3102 344 3157 et
386 3101 542 3180 opto
596 3102 660 3156 et
703 3091 913 3156 scribo
969 3089 1268 3174 salutem,
1329 3092 1703 3171 obsecrans,
1763 3101 1835 3154 ut
1876 3111 2007 3154 non
2050 3086 2520 3155 obliviscamini

283 3177 426 3240 mei.
501 3174 596 3239 Te
638 3196 810 3257 vero,
855 3175 946 3238 mi
989 3173 1245 3240 domine
1290 3184 1352 3240 et
1392 3173 1776 3240 venerabilis
1820 3173 2019 3256 abba,
2072 3195 2186 3239 seu
2232 3172 2520 3271 quicum-

284 3260 453 3346 que¹¹
501 3281 597 3341 es,
654 3280 867 3323 nonne
923 3281 1036 3344 pre
1085 3258 1275 3341 osite,
1379 3269 1516 3342 eto,
1573 3268 1646 3323 ut
1686 3256 1843 3322 mihi
1886 3256 2080 3323 scribi
2134 3255 2383 3321 faciatis
2439 3252 2521 3318 de

280 3351 495 3409 vestra
537 3342 934 3429 fratrumque
978 3364 1050 3406 sa
1074 3352 1180 3407 ute
1198 3392 1215 3426 ,
1271 3364 1352 3406 ve
1431 3340 1651 3429 quales
1709 3341 1893 3407 vobis
1951 3340 2199 3406 fructus
2257 3358 2520 3436 presens

282 3447 486 3491 annus
541 3424 867 3507 adtulerit;
927 3436 1124 3512 utque
1181 3427 1430 3492 eorumi
1497 3425 1766 3491 fratrum
1824 3425 1980 3489 mihi
2031 3424 2318 3508 dirigatis
2373 3441 2521 3484 cum

285 3510 651 3577 nominibus
693 3531 1051 3593 numerum,
1144 3509 1209 3575 ui
1252 3509 1591 3575 mundanis
1636 3509 1814 3575 exuti
1852 3506 2127 3574 vinculis
2169 3505 2523 3601 migrarunt

284 3594 367 3659 ad
411 3592 760 3659 Christum.
845 3592 1013 3658 Nam
1055 3616 1098 3693 p
1124 3593 1364 3659 urimos
1409 3594 1643 3659 obiisse
1701 3592 1928 3672 audi03
1988 3589 2102 3655 sed
2144 3593 2522 3654 nominatum

287 3678 614 3743 nonnumk
657 3675 771 3758 ill.,
874 3679 975 3760 ui,
1034 3699 1088 3741 s1
1144 3700 1292 3743 vere
1332 3678 1423 3742 ita
1477 3685 1604 3758 est,
1664 3674 1790 3739 mei
1845 3672 2056 3739 cordis
2107 3679 2353 3759 partem
2393 3690 2525 3734 non

287 3760 607 3826 modicam
650 3760 766 3826 abs
860 3771 912 3825 lt
954 3782 1191 3826 secum.
1264 3760 1444 3843 Vale,
1489 3769 1671 3846 pater
1715 3758 2132 3841 sanctissime,
2178 3765 2242 3822 et
2281 3775 2525 3822 memor

290 3867 426 3912 esse
472 3844 537 3909 di
586 3865 737 3909 nare
781 3843 958 3909 filioli
1001 3845 1113 3911 tui.

556 3950 662 3992 am
704 3926 946 3994 fluebat
988 3927 1234 3994 decima
1278 3927 1356 3993 de
1400 3949 1617 3993 mense
1662 3926 1938 3993 diecula¹
1982 3926 2145 4009 Iani,

522 4010 814 4097 Margine
859 4010 938 4078 de
979 4013 1220 4078 vitreae
1265 4034 1414 4077 cum
1458 4035 1601 4077 sum
1647 4011 1888 4078 directa
1928 4009 2252 4078 Mosellae.

446 4157 455 4164 .
527 4093 694 4159 Cum
737 4104 918 4181 patre
962 4093 1263 4161 mellifluo
1305 4095 1531 4162 fratres
1576 4096 1710 4161 sine
1755 4095 1881 4161 fine
1923 4093 2162 4160 valete!

287 4256 332 4310 a)
365 4261 537 4299 terrere
569 4268 605 4300 ο.
676 4255 724 4309 b)
757 4266 861 4297 mea
890 4268 924 4297 ο.
985 4255 1025 4308 c)
1058 4256 1121 4296 ita
1151 4258 1340 4306 corr-exij
1372 4257 1579 4308 patribus
1608 4269 1668 4306 c.,·
1700 4257 1953 4297 visceribus
1985 4255 2083 4297 Lab.
2160 4256 2207 4307 d)
2240 4248 2526 4303 tranquilla?

288 4314 333 4366 ο)
365 4316 564 4357 labentis
595 4327 705 4356 corr.
738 4315 949 4356 flaventis
979 4326 1015 4357 c.
1087 4313 1123 4366 f)
1158 4325 1269 4357 vero
1310 4327 1345 4355 c.
1410 4314 1456 4368 g)
1486 4327 1572 4365 pro
1603 4316 1774 4356 nomine
1804 4315 2006 4365 positum.
2071 4312 2117 4366 h)
2154 4321 2441 4364 quocumque
2475 4319 2523 4350 οε

288 4376 472 4418 nomine
489 4385 535 4426 p.
555 4374 1139 4426 Leb.,·q.e.n.poecimerta
1152 4373 1395 4416 comeum.
1430 4373 1464 4425 1)
1478 4384 1623 4415 unum
1642 4375 1711 4415 a?
1741 4372 1989 4424 k)fortanc
2006 4374 2210 4416 nomdll.
2241 4371 2275 4424 l)
2290 4371 2470 4414 deicola
2485 4378 2522 4408 ο.

2602 2806 2613 2819 .
2637 2778 2706 2817 17.
