3042 4909
549 425 773 477 PAULI
812 423 1162 476 HISTORIA
1197 423 1875 478 LANGOBARDORUM.
1950 426 2092 481 LIB.
2133 428 2229 481 IV.
2430 429 2532 482 16⁶

293 591 451 656 dens
497 600 878 674 extremum,
925 591 1208 678 quinque
1253 614 1336 655 ex
1379 614 1446 657 se
1489 592 1738 676 genitos
1781 590 1943 656 filios
1987 593 2198 658 adhuc
2228 594 2535 679 parvulos

291 672 579 761 reliquit3
614 697 776 761 quos
805 684 1148 760 tempestas
1176 674 1301 739 ista
1329 675 1731 760 captivitatis,
1770 675 1849 740 de
1881 697 2009 762 qua
2036 698 2206 741 nunc
2233 677 2535 764 diximus,

297 756 845 843 conprehendens,
912 780 1131 823 omnes
1195 780 1278 822 ex
1344 767 1551 823 castro
1593 758 1991 824 Foroiulensi
2053 760 2121 824 in
2172 761 2535 828 Avarorum

293 841 566 927 patriam
631 841 920 907 exsoles⁸
974 841 1260 906 deduxit.
1349 842 1477 923 Qui
1543 863 1688 907 cum
1755 865 1870 928 per
1920 842 2152 909 multos
2203 867 2404 910 annos
2466 846 2535 910 in

291 925 515 990 eadem
555 929 815 1011 regione
861 925 1247 1011 captivitatis
1296 926 1619 991 miseriam
1669 927 2116 994 sustinuissent
2158 938 2222 994 et
2277 929 2406 993 iam
2449 930 2534 994 ad

260 1007 543 1087 ‚virilem
568 1009 1011 1108 pervenissent
1039 1019 1331 1091 aetatem,
1364 1010 1590 1075 ceteris
1620 1020 1938 1108 quattuor,
1971 1033 2245 1096 quorum
2272 1013 2533 1077 nomina

291 1114 423 1156 non
465 1101 832 1175 retinemus,
877 1094 945 1156 in
985 1092 1370 1192 captivitatis
1400 1101 1696 1178 angustia
1724 1094 2226 1179 persistentibus,
2272 1096 2531 1182 quintus

289 1197 510 1240 eorum
537 1198 876 1261 germanus
918 1198 1173 1242 nomme
1201 1176 1507 1263 Lopichis
1519 1177 1568 1259 ¹²,
1614 1178 1725 1264 qui
1761 1186 1977 1243 noster
2001 1188 2225 1264 postea
2252 1201 2531 1265 proavus

293 1259 519 1334 extitit,
574 1260 924 1346 inspirante
967 1258 1131 1325 sibic
1150 1308 1164 1342 ‚
1209 1270 1280 1325 ut
1323 1260 1660 1343 credimus,
1704 1261 2175 1327 misericordiae
2216 1265 2531 1349 auctorest,

292 1343 674 1429 captivitatis
717 1343 938 1430 iugum
981 1342 1234 1409 abicere
1291 1344 1512 1409 statuit
1563 1352 1626 1408 et
1666 1344 1748 1409 ad
1791 1344 2059 1429 Italiam,
2105 1369 2231 1432 quo
2318 1356 2531 1413 entem

290 1425 865 1512 Langobardorum
906 1427 1185 1492 residere
1228 1428 1620 1509 meminerat,
1667 1429 1922 1494 tendere
1952 1438 2145 1515 atque
2162 1442 2186 1473 ⁰
2231 1452 2270 1494 a
2342 1429 2529 1496 liber-

285 1510 433 1575 tatis
497 1510 637 1574 iura
701 1509 950 1576 studuit
1006 1511 1375 1597 reppedare.
1462 1512 1592 1592 Qui
1652 1533 1796 1576 cum
1850 1513 2189 1595 adgressus
2206 1514 2228 1557 Γ
2309 1514 2530 1599 fugam

287 1593 689 1679 adripuisset,
745 1594 1044 1660 faretram
1088 1603 1336 1660 tantum
1393 1604 1457 1659 et
1505 1617 1727 1660 arcum
1778 1606 1841 1661 et
1888 1595 2353 1683 aliquantulum
2400 1597 2529 1663 cibi

281 1687 551 1824 propter
589 1677 893 1743 viaticum
934 1700 1183 1763 gerens,
1224 1679 1627 1764 nesciretque
1657 1680 1916 1743 omnino
1948 1701 2074 1766 quo
2110 1691 2422 1766 pergeret,
2467 1683 2527 1747 ei

306 1783 475 1847 upus
526 1760 876 1827 adveniens
921 1784 1136 1827 comes
1165 1761 1408 1826 itineris
1455 1772 1520 1827 et
1571 1761 1800 1829 ductor
1837 1763 2143 1829 effectus8
2194 1773 2309 1834 est.
2397 1765 2527 1846 Qui

283 1866 429 1909 cum
486 1854 632 1910 ante
687 1868 837 1910 eum
878 1854 1172 1930 pergeret
1227 1854 1289 1911 et
1329 1845 1694 1932 frequenter
1745 1857 1892 1933 post
1944 1869 2012 1913 se
2066 1847 2414 1933 respiceret
2464 1858 2528 1915 et

283 1950 432 1993 cum
463 1937 670 1993 stante
699 1928 1070 1994 subsisteret
1097 1938 1288 2016 atque
1321 1952 1466 1993 cum
1496 1942 1803 2015 pergente
1831 1931 2108 2016 praeiret
2118 1931 2166 2014 ¹³,
2195 1930 2523 2013 intellexit,

281 2010 404 2076 sibi
433 2035 580 2077 eum
610 2012 914 2077 divinitus
943 2012 1164 2078 datum
1195 2035 1355 2094 esse,
1386 2022 1459 2078 ut
1488 2014 1546 2079 ei
1573 2014 1711 2096 iter,
1743 2014 1918 2099 quod
1939 2014 2285 2098 nesciebat,
2316 2027 2523 2081 osten-

280 2095 480 2160 deret.
546 2095 743 2161 cumi
788 2119 905 2182 per
945 2094 1249 2184 aliquodk
1294 2097 1428 2161 dies
1472 2119 1591 2183 per
1632 2098 1942 2162 montium
1986 2096 2358 2163 solitudines
2401 2098 2524 2163 hoc

276 2178 468 2244 modo
490 2182 874 2265 pergerent¹,
898 2182 1084 2265 panis
1104 2179 1311 2244 eidem
1335 2180 1584 2263 viatori,
1610 2192 1850 2267 quem¹¹¹¹
1873 2181 2181 2266 exiguum
2192 2180 2521 2264 habuerat,

280 2263 536 2327 omnino
580 2263 830 2332 defecit.
920 2264 1049 2344 Qui
1080 2285 1227 2328 cum
1271 2264 1562 2328 ieiunans
1598 2264 1718 2330 iter
1747 2274 2038 2349 carperet
2066 2273 2129 2330 et
2156 2265 2285 2328 iam
2306 2265 2520 2330 famen

280 2346 631 2411 tabefactus
660 2347 1018 2429 defecisset,
1062 2347 1329 2413 tetendit
1375 2367 1595 2411 arcum
1638 2369 1827 2411 suum
1858 2355 1921 2411 et
1958 2347 2232 2412 eundem
2272 2346 2519 2433 lupum,

279 2438 353 2495 ut
402 2453 550 2495 eum
597 2431 664 2494 in
715 2430 933 2496 cibum
977 2452 1226 2495 sumere
1318 2430 1474 2494 ossit
1488 2442 1537 2511 ⁰,
1583 2432 1815 2516 sagitta
1855 2430 2255 2495 interficerel³
2294 2430 2518 2497 voluit.

278 2512 410 2579 Sed
465 2512 658 2601 lupus
712 2514 929 2580 idemq
985 2516 1187 2580 ictum
1265 2514 1520 2579 erientis
1580 2535 2000 2599 praecavenS,
2061 2515 2190 2579 sicr
2244 2513 2327 2579 ab
2379 2515 2519 2580 eius

275 2597 521 2662 visione
598 2597 853 2684 elapsus
934 2608 1047 2663 est.
1148 2598 1297 2684 Ipse
1362 2606 1609 2678 autem,
1673 2597 2012 2663 recedente
2064 2597 2291 2662 eodem
2339 2597 2515 2698 lupo,

274 2681 563 2746 nesciens
605 2704 730 2767 quo
769 2692 1096 2767 pergeret,
1138 2682 1400 2767 insuper
1438 2680 1625 2746 famis
1670 2682 1937 2767 penuria
1977 2681 2247 2745 nimium
2287 2681 2515 2748 debssis

275 2764 557 2848 effectus,
604 2788 749 2831 cum
802 2767 931 2830 iam
991 2765 1071 2830 de
1122 2766 1257 2830 vita
1299 2764 1696 2851 desperaret,
1756 2787 1893 2830 sese
1937 2766 2002 2828 in
2045 2775 2320 2830 terram⁸
2417 2788 2516 2830 ro-

273 2849 491 2932 iciens,
537 2847 948 2932 obdormivit3
991 2848 1278 2934 viditque
1322 2849 1643 2935 quendam
1683 2849 1897 2913 virum
1937 2849 2005 2912 in
2046 2849 2286 2913 somnis
2420 2850 2515 2913 'a‘

275 2932 397 2998 sibi
425 2932 625 2998 verba
654 2932 1000 2998 dicentem:
1060 2932 1321 3017 ‘Surgel
1368 2933 1592 3013 Quidu
1636 2932 1920 2997 dormis‘?
1961 2932 2196 3019 Arripe
2233 2933 2404 2998 viam
2447 2933 2515 2997 in

273 3014 472 3081 hancv
516 3020 538 3047 ²*
601 3024 802 3081 artem
845 3026 1067 3082 contra
1110 3029 1343 3103 quamW
1388 3016 1584 3101 pedes
1628 3025 1832 3100 tenes3
1898 3015 2087 3081 illac¹
2131 3017 2365 3081 etenim
2418 3025 2514 3081 est

270 3099 475 3182 Italia,
519 3120 557 3161 a
632 3120 825 3185 quam
854 3097 1100 3165 tendis'.
1187 3100 1317 3180 Qui
1348 3100 1562 3164 statim
1593 3121 1874 3186 surgens,
1918 3101 1986 3163 in
2011 3098 2184 3164 illam
2212 3109 2513 3187 partem?

274 3205 468 3270 quam
510 3183 580 3246 in
623 3184 863 3248 somnis
892 3183 1186 3248 audierat
1213 3205 1479 3282 pergere
1510 3185 1755 3269 coepit3
1801 3205 1918 3248 nec
1963 3205 2162 3266 mora,
2205 3183 2288 3247 ad
2332 3182 2511 3249 habi-

272 3265 559 3331 taculum
602 3266 934 3331 hominum
976 3275 1284 3353 pervemt.
1370 3266 1531 3330 Erat
1572 3266 1740 3330 enim
1786 3265 2163 3331 Sclavorum
2203 3265 2510 3333 habitatio

271 3448 320 3501 a)
349 3451 413 3490 ita
444 3448 485 3490 A
519 3453 559 3492 1.
590 3452 627 3491 F
660 3453 700 3492 1.
738 3451 778 3492 G
814 3453 852 3492 1.
891 3452 943 3500 83
991 3452 1152 3493 exoles
1182 3449 1224 3490 A
1257 3450 1299 3490 2.
1329 3450 1367 3490 Ε
1403 3452 1454 3499 1;
1501 3451 1658 3490 exsole
1689 3449 1731 3490 A
1762 3446 1824 3490 ’2.
1972 3448 2021 3501 b)
2051 3450 2116 3490 ica
2145 3448 2188 3489 A
2221 3450 2261 3491 1.
2296 3446 2357 3491 ’2.
2393 3451 2433 3490 2.
2467 3451 2511 3492 8.

270 3510 315 3549 4.
350 3509 392 3549 6.
424 3510 461 3549 Γ
497 3512 545 3560 1;
588 3510 817 3560 Leopchis
847 3509 889 3550 A
920 3507 982 3551 ’8.
1016 3511 1071 3559 53
1120 3509 1339 3560 Lupiehis
1389 3508 1429 3549 G
1463 3510 1592 3548 1-4.
1640 3510 1685 3549 H
1717 3511 1757 3550 1.
1805 3509 1829 3549 1
1862 3509 1901 3557 1,
1952 3517 1974 3547 e
2002 3519 2118 3550 corr.
2149 3509 2188 3547 F
2220 3510 2272 3558 13
2317 3508 2509 3559 Lupici-

273 3567 309 3609 Ο
341 3564 402 3609 ’1.
439 3570 479 3609 1.
524 3569 563 3609 E
598 3570 639 3620 1,
685 3580 799 3609 corr.
847 3569 1039 3619 Lupigis
1071 3569 1113 3608 D
1147 3569 1189 3620 1,
1235 3572 1272 3607 ee
1303 3568 1366 3607 ita
1396 3568 1523 3607 ceteri
1565 3568 1635 3616 D3
1679 3567 1909 3617 Lupeehis
1940 3566 1977 3605 L
2013 3567 2060 3616 13
2105 3566 2354 3616 Leupiehia
2384 3567 2423 3606 Β
2459 3569 2511 3618 13

270 3626 493 3677 Leupigis
522 3628 561 3667 Β
598 3628 669 3667 la.
705 3628 756 3676 83
799 3628 1005 3678 Leuphis
1036 3628 1073 3667 F
1108 3628 1159 3676 23
1204 3626 1466 3676 Leuphcnia
1500 3625 1542 3668 G
1574 3625 1656 3676 δεῖ
1702 3624 1966 3673 Liafborgis
2000 3623 2041 3665 G
2072 3624 2140 3666 50.
2291 3624 2333 3674 o)
2367 3625 2507 3676 inspi-

271 3688 426 3725 rantes
456 3685 494 3724 F
529 3686 567 3725 1.
718 3683 764 3734 d)
795 3689 1028 3729 auctorem
1069 3685 1107 3725 F
1142 3687 1181 3725 1.
1217 3684 1257 3725 G
1291 3687 1331 3726 1.
1367 3685 1408 3726 8.
1561 3683 1605 3736 e)
1638 3685 1787 3733 adque
1819 3683 1858 3724 A
1892 3685 1932 3723 1.
1965 3683 2006 3724 G
2038 3683 2080 3725 8.
2229 3680 2266 3735 f)
2297 3684 2387 3724 iter
2408 3689 2514 3734 poet

270 3744 370 3786 aad.
404 3744 447 3783 D
483 3744 524 3794 1,
555 3748 592 3783 ee
622 3744 686 3783 ita
717 3744 797 3784 alit·
826 3746 885 3786 D.
1020 3741 1067 3796 g)
1100 3742 1250 3784 factus
1282 3743 1317 3785 O
1352 3745 1391 3785 1.
1427 3740 1451 3783 1
1483 3745 1534 3792 13
1565 3744 1677 3784 deese
1708 3742 1742 3783 Ο
1774 3738 1838 3784 ’1.
1971 3739 2019 3792 h)
2053 3743 2226 3793 periret
2252 3743 2292 3783 B
2326 3744 2377 3793 13
2407 3753 2510 3793 per·

271 3805 401 3850 geret
429 3802 469 3842 Β
505 3802 577 3845 la.
613 3803 654 3845 2.
685 3803 722 3843 Ρ
752 3805 794 3845 4.
829 3803 870 3844 G
902 3804 944 3843 8.
1081 3801 1116 3854 1)
1150 3801 1264 3842 Cum
1295 3813 1411 3843 corr.
1444 3801 1652 3852 Cumque
1686 3801 1727 3843 G
1759 3801 1839 3852 δεῖ
1885 3800 2093 3850 Cumque
2124 3802 2180 3841 Β.
2213 3801 2266 3843 O.
2300 3803 2361 3842 D.
2392 3803 2431 3841 F
2466 3804 2506 3843 1.

268 3859 323 3902 G.
356 3861 398 3900 Η
433 3862 471 3902 1.
502 3860 526 3900 1
561 3863 602 3902 1.
722 3859 773 3914 k)
804 3862 868 3902 ita
897 3860 941 3902 A
974 3863 1014 3903 1.
1045 3858 1106 3902 ’2.
1142 3862 1182 3902 2.
1217 3862 1258 3902 8.
1290 3863 1329 3902 Β
1367 3864 1405 3902 1.
1440 3862 1482 3903 2.
1514 3860 1566 3903 0.
1600 3860 1641 3901 G
1673 3861 1799 3900 2-4.
1832 3860 1854 3899 1
1886 3860 1939 3909 83
1985 3860 2166 3908 aliquid
2195 3860 2233 3900 P
2266 3861 2317 3908 13
2348 3861 2509 3910 aliquo

263 3918 306 3959 A
338 3916 398 3961 ⁶4.
447 3919 625 3970 aliquot
666 3917 709 3958 A
740 3920 782 3961 ὁ.
828 3922 889 3960 D.
937 3920 978 3961 G
1011 3921 1052 3971 1,
1098 3921 1189 3964 alii.
1339 3918 1374 3971 1)
1407 3923 1625 3970 pergeret
1667 3917 1710 3958 A
1743 3920 1784 3960 1.
1829 3919 1871 3958 D
1906 3921 1955 3968 ις
2011 3919 2329 3969 pertingerent
2373 3917 2412 3958 A
2445 3915 2507 3960 ’8.

265 3975 330 4028 m)
364 3977 444 4026 qui
474 3977 511 4016 F
544 3980 596 4028 ¹3
643 3979 752 4028 quia
783 3979 820 4018 F
850 3979 891 4021 4.
925 3978 965 4019 G
998 3979 1126 4020 1—5.
1264 3977 1313 4030 n)
1345 3980 1514 4019 famem
1545 3978 1849 4019 tabemfactu·
1882 3976 1923 4018 G
1955 3977 1994 4017 8.
2131 3975 2176 4028 ο)
2207 3979 2366 4028 posset
2396 3976 2432 4018 O
2466 3978 2506 4028 1,

265 4036 368 4085 αῖίἰς
397 4036 509 4076 dem
543 4035 583 4076 G
615 4036 657 4078 8.
808 4036 858 4089 p)
891 4038 1170 4079 interficeret
1197 4037 1235 4077 1³·
1269 4039 1308 4078 1.
1461 4035 1508 4088 q)
1541 4038 1605 4077 ita
1634 4036 1676 4077 A
1709 4039 1749 4077 1.
1783 4036 1826 4077 ὅ.
1858 4038 1901 4076 D
1937 4036 1958 4075 1
2009 4035 2143 4089 (quoa
2176 4046 2264 4086 pro
2310 4035 2508 4075 eundem

257 4095 451 4144 poectum
482 4105 570 4135 cue
594 4095 834 4148 putarim„
865 4098 1013 4139 isdem
1043 4095 1086 4136 A
1116 4093 1179 4138 ’2.
1214 4097 1254 4136 2.
1289 4093 1350 4138 ’8.
1382 4096 1424 4136 8.
1454 4096 1497 4137 4.
1531 4097 1571 4137 Β
1606 4097 1644 4136 1.
1678 4096 1718 4138 2.
1754 4095 1789 4137 0
1821 4091 1881 4138 ’1.
1916 4097 1954 4134 1.
1984 4094 2022 4134 F
2056 4096 2096 4135 1.
2132 4093 2173 4135 G
2206 4093 2335 4136 1-8.
2370 4093 2445 4134 5⁸.
2466 4104 2505 4134 ο.

264 4153 308 4192 Η
341 4155 383 4195 1.
417 4153 439 4192 1
474 4154 526 4203 13
557 4154 735 4195 hisdem
782 4156 820 4195 Ε
854 4157 894 4198 1.
927 4156 967 4196 G
999 4157 1041 4197 8.
1094 4177 1143 4186 -—-
1195 4155 1292 4195 ictu
1321 4156 1358 4194 B
1394 4157 1432 4196 1.
1469 4155 1513 4194 2.
1547 4154 1583 4196 0
1617 4151 1688 4205 ‘¹3
1736 4155 1854 4195 ictus
1884 4154 1921 4193 F
1955 4155 1993 4195 1.
2029 4153 2070 4195 G
2104 4156 2144 4193 1.
2178 4152 2221 4194 8.
2252 4151 2307 4203 43
2356 4152 2507 4193 hictus

557 4233 608 4244 -
653 4212 874 4254 ferientes
905 4214 947 4255 A
982 4215 1022 4255 2.
1054 4213 1092 4253 P
1126 4215 1166 4254 1.
1309 4210 1350 4265 r)
1383 4213 1447 4253 ita
1477 4212 1519 4253 A
1554 4215 1592 4255 1.
1624 4213 1676 4255 P.
1710 4213 1769 4255 G.
1802 4213 1824 4252 1
1859 4213 1908 4263 13
1939 4212 2049 4251 decet
2080 4215 2170 4252 cete.
2309 4208 2351 4263 ι)
2383 4215 2510 4252 terra

482 4213 528 4313 14.
666 4269 702 4324 t)
736 4273 849 4313 talia
879 4280 916 4314 οε
946 4272 1088 4314 verba
1118 4272 1204 4313 du.
1239 4271 1273 4314 0
1308 4274 1351 4313 1.
1484 4269 1536 4323 u)
1570 4272 1650 4321 qui
1691 4270 1733 4311 A
1763 4268 1824 4312 ’2.
1858 4272 1899 4313 8.
1935 4269 1976 4311 G
2007 4270 2049 4313 8.
2182 4266 2232 4320 v)
2258 4269 2346 4310 hac
2376 4273 2509 4320 parte

480 4331 521 4372 1.
556 4330 594 4369 2.
642 4331 684 4370 D
720 4332 760 4375 2.
793 4330 835 4373 8.
969 4328 1031 4382 w)
1062 4341 1152 4381 quo
1187 4330 1221 4371 Ο
1255 4333 1305 4381 13
1348 4340 1485 4380 quem
1520 4329 1562 4371 G
1594 4331 1634 4372 8.
1767 4327 1816 4380 x)
1850 4330 1936 4370 illa
1965 4329 2008 4369 D
2045 4330 2084 4369 2.
2117 4324 2210 4369 ’8ι.
2245 4328 2287 4369 8.
2319 4330 2365 4370 4.
2398 4329 2422 4369 1
2456 4329 2509 4378 13

262 4208 448 4252 Amr]

264 4268 453 4312 01.G

259 4328 444 4371 Β1.0

335 4388 1835 4440 0131.18.8.041).Ε1.(3’ὅι.18;111ηο(3»8.4.12.
1958 4384 2009 4439 y)
2040 4387 2296 4428 dcucAs.

258 4386 332 4427 1111

2531 3024 2604 3079 Ἰ).
2640 3028 2739 3072 182.
