3042 4909
516 413 741 465 PAULI
778 412 1129 466 HISTORIA
1165 410 1837 466 LANGOBARDORUM.
1912 414 2056 469 LIB.
2094 415 2163 466 V.
2379 414 2481 464 189

241 578 661 647 Sesualdum⁸
691 577 773 642 ad
804 600 1020 643 muros
1051 577 1203 642 duci
1231 580 1576 664 praecepit,
1607 580 1914 644 mortemh
1944 579 2154 645 eidem
2182 579 2478 663 minatus,

241 665 299 729 si
362 662 603 749 aliquid
656 660 1012 726 Romualdo
1070 670 1182 726 aut
1239 661 1488 727 civibus
1546 662 1626 727 de
1678 661 2040 727 Grimualdi
2090 663 2437 727 adventum
2453 674 2478 707 ⁰

240 749 565 812 nuntiaret
657 744 770 811 sed
884 746 1047 810 otius
1111 755 1523 828 asseveraret,
1595 745 1866 810 eundem
1932 746 2152 811 venire
2217 746 2477 811 minime

241 853 451 917 posse.
540 795 732 910 Quod
773 767 878 893 ing
922 827 1012 893 ita
1067 851 1136 892 se
1193 828 1508 893 facturum
1563 836 1635 893 ut
1677 831 1737 894 ei
1778 828 2293 915 praecipiebatur
2335 850 2478 916 pro-

242 914 448 996 misit;
521 913 635 977 sed
691 933 839 976 cum
893 933 1096 998 prope
1149 933 1365 976 muros
1421 911 1801 995 advenisset,
1857 910 2062 977 velle‘¹
2120 933 2187 976 se
2242 912 2476 976 Romu-

242 995 461 1061 aldum
504 995 720 1061 videre
763 995 945 1061 dixit.
1024 994 1208 1075 Quo⁰
1250 1017 1398 1059 cum
1426 994 1743 1060 Romuald
1786 996 2012 1060 eitiusf
2053 995 2413 1061 advenisset
2426 1007 2476 1077 8,

242 1080 336 1145 sic
380 1079 464 1144 ad
499 1102 646 1144 eum
686 1078 933 1142 locutus
963 1086 1089 1141 est:
1135 1077 1469 1143 ‘Constans
1499 1087 1654 1161 estc,
1699 1078 1995 1144 domineh
2037 1077 2371 1161 Romuald,
2415 1087 2480 1144 et

239 1162 517 1228 habens¹
564 1162 867 1226 fiduciam
908 1159 1040 1225 noli
1089 1159 1336 1225 turbari
1351 1161 1402 1242 Β,
1459 1163 1612 1247 quia
1652 1171 1799 1226 tuus
1840 1163 2091 1248 genitor
2128 1162 2316 1226 citius
2358 1162 2478 1228 tibi

241 1245 555 1311 auxilium
596 1245 1002 1332 praebiturus
1065 1243 1285 1309 aderit.
1371 1245 1540 1309 Nam
1605 1246 1788 1328 scias,
1855 1266 2004 1310 eum
2056 1244 2210 1310 hac¹
2286 1254 2474 1310 nocte

240 1331 424 1395 iuxta
453 1328 877 1414 sangrum-1
922 1326 1188 1393 fluvium
1218 1349 1366 1392 cum
1393 1326 1605 1392 valido
1643 1330 1930 1393 exercitu
1970 1349 2247 1394 manere.
2312 1328 2478 1392 Tan-

239 1426 380 1479 tum
433 1413 730 1494 obsecre,
790 1421 862 1476 ut
910 1410 1413 1476 misericordiam
1469 1411 1773 1478 exhibeas
1831 1434 1979 1477 cum
2035 1433 2180 1476 mea
2231 1424 2477 1475 uxore¹¹

239 1507 307 1563 et
366 1495 533 1578 filiis,
603 1496 755 1581 quia
815 1516 971 1579 gens
1023 1495 1147 1559 ista
1208 1494 1489 1580 perfida⁰
1547 1518 1649 1561 me
1701 1496 1917 1561 vivere
1976 1515 2108 1558 non
2160 1493 2395 1559 sinebit
2408 1497 2476 1558 ν’.

244 1579 539 1665 Cumque
567 1579 735 1644 hoc‘l
765 1578 1052 1661 dixisset,
1082 1577 1295 1642 iussur
1314 1579 1716 1664 imperatoris
1738 1586 1932 1666 caput
1952 1579 2090 1643 eius
2118 1578 2475 1643 abscisum⁸

242 1672 435 1749 atque
470 1667 651 1727 cum‘
680 1659 832 1727 belli
859 1660 1155 1725 machina
1185 1682 1377 1746 quam
1406 1663 1793 1747 petrariamu
1834 1663 2112 1727 vocant*
2153 1663 2223 1726 in
2250 1660 2477 1725 urbem

289 1748 627 1811 roiecmmv
657 1753 771 1811 est.
852 1744 1044 1825 Quod
1073 1754 1268 1831 caput
1293 1744 1612 1810 Romuald
1640 1746 1764 1811 sibi
1794 1744 2027 1810 deferri
2067 1745 2256 1809 iussit
2281 1743 2476 1830 idque

266 1832 581 1894 aerimans
627 1826 992 1894 obsculatus
1044 1836 1142 1893 est
1184 1826 1509 1914 dignoque
1551 1830 1621 1892 in
1668 1827 1883 1894 loculo
1933 1826 2237 1894 tumulari
2294 1849 2477 1914 prae-

244 1915 416 2000 cepit
427 1925 471 1978 ².

405 1998 467 2061 9.
483 2008 525 2040 w
608 1994 901 2059 Metuens
942 1995 1140 2079 igitur
1195 1995 1540 2093 imperator
1580 1993 1791 2060 subito
1808 2008 1839 2038 ¹
1884 1993 2242 2060 Grimualdi
2299 1995 2472 2079 regis

239 2080 604 2153 adventum,
650 2077 913 2142 dimissa
955 2078 1311 2142 Beneventi
1367 2078 1767 2160 *obsidione‚
1821 2077 2164 2164 Neapolim
2217 2076 2470 2163 profici·
2493 2103 2570 2158 η),
2604 2105 2705 2149 149,

243 2164 460 2228 scitur.
566 2161 766 2226 Cuius
826 2171 1041 2225 tamen
1090 2161 1444 2226 exercitum
1502 2159 1772 2224 Mitolav·
1847 2160 2195 2246 Capuanus
2261 2181 2472 2224 comes

241 2248 425 2311 iuxta
450 2244 713 2309 fluenta2
759 2242 1042 2310 Caloris³
1070 2242 1351 2308 fluminis
1379 2244 1447 2307 in
1474 2242 1616 2308 loco
1661 2244 1774 2329 qui
1800 2266 2004 2329 usque
2028 2242 2218 2309 hodie
2245 2243 2476 2327 Pugna

241 2329 475 2395 dicitur
499 2328 907 2394 vehementer
945 2326 1221 2393 adtrivit.

413 2413 554 2476 10.ει
636 2412 985 2497 Postquam
1067 2411 1261 2475 verob
1336 2410 1425 2474 im
1474 2417 1682 2475 erator
1743 2407 2082 2494 Neapolim
2145 2409 2475 2495 pervenit,

237 2517 407 2562 unus
459 2517 542 2560 ex
584 2497 760 2560 eius⁶
805 2494 1231 2580 optimatibus,
1287 2494 1393 2558 cui
1479 2515 1714 2558 nomen
1767 2492 2128 2558 Saburrus⁰
2187 2499 2347 2574 erat,
2392 2491 2474 2557 ab

238 2588 544 2665 augusto,
588 2586 660 2642 ut
699 2577 916 2662 fertur,
960 2577 1185 2663 viginti
1228 2576 1401 2641 milia
1442 2575 1713 2640 militum
1758 2575 2045 2664 expetiit,
2089 2596 2283 2662 seque
2326 2597 2476 2641 cum

303 2739 349 2808 *)
387 2742 434 2791 L
477 2741 502 2790 1
548 2740 689 2791 add:
769 2755 928 2806 quam
966 2738 1128 2805 vulgo
1169 2740 1394 2790 dicimus
1434 2739 1756 2791 mancolam.

241 2890 289 2944 a)
321 2893 384 2932 ita
414 2893 491 2932 Ιιοο
521 2892 613 2932 loco
643 2891 684 2931 A
718 2893 757 2933 1.
793 2891 828 2933 Ο
849 2893 889 2943 1,
920 2891 1026 2941 aliu
1059 2890 1332 2932 Sesoaldum
1362 2892 1400 2932 B
1437 2894 1478 2935 1.
1506 2892 1545 2931 F
1564 2893 1606 2944 1,
1638 2891 1740 2941 αῑίἰς
1772 2890 2036 2932 Sisualdum
2067 2890 2109 2929 D
2143 2891 2185 2932 8.
2279 2889 2326 2942 b)
2358 2900 2475 2930 mor·

239 2955 426 3000 temque
458 2949 500 2990 A
532 2950 574 2992 8.
695 2947 738 3000 ο)
765 2949 829 2990 ita
861 2947 902 2990 A
936 2951 975 2991 1.
1011 2951 1053 2991 2.
1085 2950 1128 2989 4.
1159 2951 1196 2990 Β
1230 2951 1272 2991 1.
1307 2950 1347 2990 2.
1377 2951 1419 2990 D
1455 2953 1495 2990 1.
1527 2950 1566 2990 E
1603 2951 1641 2991 1.
1674 2950 1711 2989 F
1743 2952 1783 2992 1.
1816 2948 1914 2990 Gl.
1949 2950 1991 2992 2.
2023 2944 2085 2991 ’8.
2120 2949 2171 2992 G.
2202 2949 2366 2999 Naum
2398 2949 2475 2989 ad-

241 3013 384 3051 ventu
426 3009 467 3049 A
500 3009 542 3050 8.
577 3008 612 3050 Ο
647 3009 687 3049 1.
716 3009 761 3049 D
796 3009 837 3054 2.
869 3008 910 3061 8,
956 3008 1048 3048 alii.
1199 3007 1246 3060 d)
1278 3009 1421 3049 vellet
1459 3007 1503 3048 A
1535 3006 1606 3058 '43
1652 3009 1775 3049 velle
1824 3029 1876 3038 —
1926 3008 2191 3050 advenisset
2221 3009 2307 3049 des.
2340 3008 2378 3047 P
2410 3005 2477 3061 (in

238 3079 378 3118 maro.
410 3064 591 3118 suppa).
627 3066 683 3108 G.
716 3067 741 3106 1
774 3066 814 3107 8.
963 3064 1008 3117 e)
1042 3065 1132 3114 Qui
1162 3066 1203 3106 A
1235 3068 1286 3116 23
1320 3067 1451 3114 Quod
1480 3067 1518 3107 Β
1554 3068 1593 3107 1.
1629 3067 1670 3108 2.
1704 3067 1754 3109 θ.
1788 3067 1926 3116 Neap.
2077 3064 2113 3118 f)
2144 3067 2256 3107 deest
2284 3067 2322 3106 B
2358 3068 2398 3106 1.
2433 3066 2476 3108 2.

241 3124 289 3177 g)
325 3126 565 3166 adveniret
593 3123 634 3164 A
666 3125 708 3166 8.
738 3126 783 3166 D
815 3124 856 3165 8.
976 3122 1026 3177 h)
1059 3125 1194 3166 dome
1224 3125 1267 3165 A
1299 3126 1354 3175 2;
1384 3126 1493 3165 decet
1524 3126 1567 3164 D
1603 3126 1643 3166 2.
1779 3122 1814 3176 i)
1845 3126 1988 3165 habes
2019 3125 2060 3165 A
2095 3126 2136 3165 2.
2256 3124 2304 3175 k)
2336 3128 2367 3165 t.
2403 3124 2479 3165 vel

241 3185 504 3226 contristari
536 3183 577 3225 G
606 3184 674 3230 bc.
809 3181 846 3235 1)
881 3193 909 3222 a
938 3183 974 3222 Ε
1009 3185 1059 3232 15
1093 3193 1151 3225 ea
1181 3182 1223 3224 G
1255 3184 1295 3223 1.
1445 3181 1509 3234 m)
1543 3181 1804 3232 sangruum
1837 3183 1872 3225 Ο
1905 3185 1956 3233 13
1991 3182 2221 3232 Sans-rum
2250 3194 2366 3225 corr.
2398 3181 2477 3224 Sa·

241 3253 376 3293 grum
423 3241 464 3283 G
496 3244 546 3292 1;
591 3252 771 3282 sacrum
816 3242 854 3281 Ρ
885 3241 928 3281 4.
977 3240 1018 3282 G
1049 3242 1090 3282 8.
1122 3242 1164 3286 4.
1207 3242 1231 3282 1
1263 3241 1304 3281 8.
1477 3239 1527 3291 n)
1558 3252 1748 3283 uxorem
1797 3241 1839 3282 G
1871 3242 1911 3284 8.
2062 3239 2107 3293 ο)
2139 3241 2313 3292 perfide
2359 3240 2400 3281 A
2432 3242 2477 3282 2.

241 3299 293 3354 p)
325 3300 497 3342 sinebit
539 3312 653 3341 corr.
701 3301 821 3342 sinet
850 3300 893 3340 D
929 3300 967 3347 1,
1000 3305 1036 3339 ee
1066 3301 1129 3339 ita
1159 3300 1284 3340 ccccv-t·
1313 3300 1371 3340 D.
1404 3298 1446 3339 A
1476 3301 1518 3341 6.
1552 3300 1597 3339 Η
1629 3302 1680 3350 13
1728 3300 1897 3340 ainevit
1925 3299 1962 3338 F
1996 3301 2036 3340 1.
2086 3299 2136 3340 θ.
2169 3300 2337 3349 Netum
2368 3300 2482 3339 stult

239 3370 358 3401 corr.
393 3360 516 3400 sinet
546 3359 586 3400 G
616 3359 687 3400 ba.
823 3357 872 3410 q)
899 3359 1010 3398 dem
1043 3357 1085 3399 G
1116 3359 1156 3398 1.
1191 3359 1232 3400 2.
1368 3355 1406 3408 ι·)
1434 3359 1612 3403 iussum
1642 3358 1678 3397 Γ
1713 3360 1754 3399 1.
1904 3355 1945 3408 s)
1980 3358 2209 3398 abscissus
2242 3356 2283 3398 G
2315 3358 2368 3408 83
2400 3358 2477 3398 ab·

242 3418 390 3459 scians
421 3418 456 3459 C
492 3419 532 3460 1.
564 3418 624 3458 D.
658 3438 710 3447 —
746 3427 788 3458 a.
822 3420 893 3457 est
921 3416 963 3456 A
997 3415 1057 3457 1?
1086 3420 1146 3459 D.
1279 3414 1315 3467 t)
1347 3417 1456 3456 deut
1487 3417 1531 3455 D
1565 3412 1655 3455 ‘8a.
1688 3416 1712 3456 1
1744 3416 1786 3457 8.
1920 3413 1969 3466 ιι)
1997 3416 2196 3466 patriam
2227 3414 2268 3455 A
2298 3412 2369 3465 ‘83
2402 3425 2477 3466 pe·

241 3478 381 3518 traua
413 3475 453 3518 G
486 3475 537 3525 83
580 3476 749 3526 petz-ali
781 3474 821 3516 G
851 3476 895 3516 4.
1047 3473 1094 3526 v)
1125 3475 1358 3525 proiectus
1404 3475 1448 3513 D
1481 3476 1552 3515 la.
1599 3474 1637 3513 F
1669 3475 1709 3514 1.
1745 3473 1785 3515 G
1819 3473 1841 3513 1
1875 3484 1895 3512 e
1924 3485 2038 3516 corr.
2072 3473 2112 3515 G
2143 3475 2183 3515 2.
2216 3474 2259 3514 4.
2291 3474 2315 3514 1
2347 3474 2387 3515 8.
2422 3495 2477 3505 -

243 3539 314 3577 est
342 3536 453 3575 deese
483 3533 525 3573 A
556 3537 598 3574 1.
630 3535 673 3574 D
706 3534 747 3574 8.
783 3533 823 3575 G
854 3533 984 3574 2—4.
1103 3532 1165 3585 w)
1197 3533 1274 3573 hoo
1303 3543 1399 3582 cap.
1425 3532 1702 3582 praecedenti
1731 3532 1927 3583 adjunqit
1958 3531 2000 3571 A
2032 3533 2074 3573 2.
2193 3530 2242 3583 x)
2276 3532 2479 3572 subitum

242 3593 286 3634 A
317 3595 358 3634 2.
390 3595 430 3634 Β
464 3594 507 3633 1.
541 3593 584 3633 D
619 3595 690 3633 la.
726 3593 765 3634 2.
796 3593 838 3633 8.
872 3592 895 3632 1
926 3592 969 3643 8,
1000 3592 1093 3634 alii.
1131 3614 1183 3623 —
1215 3591 1415 3631 adventu
1443 3592 1482 3630 F
1517 3592 1559 3633 1.
1679 3588 1727 3642 y)
1761 3590 1970 3630 nitelam
1998 3588 2041 3629 A
2076 3592 2129 3639 13
2161 3590 2343 3630 Mittola
2371 3591 2413 3630 A
2433 3590 2476 3632 5.

244 3654 282 3694 P
315 3652 358 3694 ὁ.
393 3651 433 3694 G
466 3653 509 3694 8.
542 3651 593 3700 43
653 3651 816 3691 Mitolo
847 3650 871 3690 1
902 3650 956 3701 8;
1017 3650 1174 3691 Mitalo
1206 3650 1317 3699 A83
1378 3649 1544 3690 Mitula
1589 3649 1632 3689 D
1667 3651 1746 3698 1a3
1808 3648 1986 3688 Mutula
2029 3648 2072 3688 D
2106 3648 2157 3697 23
2217 3650 2331 3688 decet
2361 3647 2403 3688 A
2435 3649 2477 3690 6.

244 3710 289 3764 ι)
319 3711 494 3752 fluente
542 3708 582 3751 G
615 3711 655 3750 l.
691 3709 734 3751 2.
882 3707 928 3760 a)
960 3710 1038 3749 hoc
1065 3720 1159 3758 cap.
1194 3719 1274 3751 om.
1317 3708 1360 3748 A
1391 3706 1453 3748 ·4.
1603 3705 1651 3758 b)
1684 3707 1793 3747 deese
1833 3706 1874 3746 A
1907 3708 1949 3747 8.
1988 3707 2031 3746 D
2065 3706 2107 3749 2.
2140 3708 2185 3748 8.
2335 3705 2378 3759 c)
2411 3707 2479 3748 eis

247 3769 288 3810 G
321 3770 360 3811 2.
397 3769 437 3809 8.
560 3766 608 3820 d)
639 3769 750 3808 ame
780 3768 817 3807 B
855 3770 895 3808 1.
1013 3767 1058 3821 e)
1092 3766 1297 3809 Sabutus
1327 3767 1364 3806 F
1398 3767 1435 3807 1.

250 3906 307 3975 1)
347 3905 557 3975 Sanqro
605 3904 664 3958 in
703 3907 989 3973 provincia
1037 3907 1334 3958 Abruzzen.
1422 3906 1537 3957 BE.
1724 3902 1784 3971 2)
1822 3901 2064 3956 Similem
2112 3902 2479 3961 narrationem

243 3981 407 4034 multo
435 3989 561 4048 post
586 3979 737 4045 apud
765 3978 1161 4031 Constantinum
1184 3979 1468 4046 Por-playn,
1495 3977 1580 4030 De
1606 3977 1745 4031 adm.
1773 3977 1897 4043 imp.
1924 3995 1967 4028 c.
1998 3976 2084 4040 29,
2126 3974 2242 4042 legi,
2281 3975 2484 4026 Hirsch

246 4053 469 4118 monuit,
506 4054 775 4105 Benevent
803 4070 867 4119 p.
909 4052 976 4102 22
1014 4069 1070 4105 n.
1099 4051 1151 4104 2.
1263 4050 1323 4119 3)
1365 4050 1550 4103 Calore
1586 4068 1695 4103 non
1723 4051 1979 4117 procula
2004 4049 2324 4101 Benevento.
2365 4048 2480 4098 ΒΕ.

248 4126 338 4178 Aa
382 4126 521 4178 hunc
557 4123 722 4176 Pauli
772 4126 942 4177 locum
981 4122 1167 4176 Camil.
1217 4123 1586 4192 Pereqdnim:
1640 4121 1910 4176 ‘Fluvium
1951 4120 2188 4173 Calorem
2236 4138 2272 4171 a
2309 4119 2481 4170 Paulo

240 4216 348 4266 pro
387 4198 588 4252 Sabata
627 4197 825 4250 dictum
861 4215 969 4250 non
1019 4196 1199 4249 dubito
1210 4214 1229 4258 ‚·
1279 4213 1430 4263 quem
1463 4213 1637 4264 prope
1684 4195 1875 4249 Petrus
1926 4194 2183 4246 diaconus
2231 4190 2291 4243 in
2326 4190 2483 4245 Λυσι.

248 4272 326 4324 ad
369 4270 654 4325 Ostiensem
691 4269 777 4322 lib.
819 4270 923 4334 IV,
968 4287 1083 4336 cap.
1127 4270 1193 4319 16
1236 4268 1362 4334 (SS.
1414 4269 1540 4333 VII,
1572 4286 1634 4335 p.
1677 4270 1806 4334 769)
1860 4265 2092 4335 agnoscit
2140 4266 2279 4319 hunc
2317 4266 2485 4319 locum

248 4346 580 4412 appellatum
616 4341 846 4411 Puqna'.
921 4343 1016 4395 BI.
1095 4340 1175 4408 cf.
1214 4341 1415 4395 Hirach
1448 4359 1507 4408 p.
1547 4342 1636 4393 23.
