3042 4909
788 395 1239 447 EPITAPHIUM
1278 395 1372 446 AN
1378 395 1511 447 SAE
1551 395 1893 446 REGINAE.
2355 396 2459 447 249

220 564 409 627 ducis
459 562 939 644 Beneventani,
986 564 1176 649 cujus
1221 565 1422 627 umori
1473 563 1914 664 Adelperqae,
1969 561 2193 626 Ansae
2234 560 2459 647 filiae,

197 645 681 732 familiaritate
736 648 1120 731 conjunct-us
1165 655 1338 727 erat,
1396 647 1493 711 vel
1537 649 1610 711 in
1652 648 1869 711 vicmo
1912 646 2306 711 ‘monasterio
2343 644 2462 712 Ca-

214 731 472 794 sinensi
515 730 709 815 degit,
752 730 1045 794 nondum.
1077 729 1324 794 Karolo
1367 732 1508 816 reqi
1550 731 1911 794 addictum.
1994 729 2171 794 Huic
2245 731 2462 795 uidem

216 823 340 878 tem
393 814 496 878 ori
555 814 945 877 conveniunt.
991 835 1157 898 quae
1201 814 1277 878 de
1307 813 1586 897 filiabus
1634 814 1723 879 ad
1767 812 2114 896 Aufidum,
2267 836 2460 879 enum

217 907 276 959 et
358 906 579 978 strum,
643 896 690 959 i.
736 919 786 960 e.
833 896 988 960 duci
1036 898 1518 978 Beneventano,
1563 899 1708 984 reqi
1749 897 2161 961 Francorum
2205 905 2261 959 et
2306 897 2460 963 duci

216 980 696 1044 Baioariorum
725 982 949 1064 nuptis
980 989 1037 1043 et
1078 981 1156 1045 de
1192 980 1360 1045 Adel
1406 984 1501 1046 iso
1548 981 1950 1045 ‘Bardo-ram
1991 1002 2103 1065 ape
2145 982 2459 1047 'maxima'

214 1064 555 1150 leguntur,
654 1086 775 1128 uae
834 1073 997 1128 certe
1054 1064 1299 1129 Paulus
1353 1003 1563 1129 {icere
1607 1087 1739 1128 non
1784 1072 2062 1148 poterat,
2111 1074 2461 1150 postquam

221 1149 291 1211 in
351 1147 574 1211 aulam
682 1146 855 1212 areli
910 1150 1102 1229 venit,
1164 1150 1275 1232 qui
1317 1147 1654 1214 Desiderii
1710 1157 1934 1211 natam
1992 1148 2460 1232 repudiaverat

216 1252 421 1379 neffue
468 1230 937 1316 Langobardis
987 1230 1189 1295 ullam
1233 1254 1410 1316 spem
1465 1234 1641 1318 reqis
1701 1253 1781 1295 ex
1830 1253 2061 1317 genere
2123 1231 2461 1297 Desiderii

218 1336 288 1378 re
316 1337 340 1378 z

345 1323 591 1399 querat.
2117 1312 2195 1378 G.
2239 1315 2330 1379 W.

325 1468 613 1536 SUPER
659 1468 1194 1535 SEPULCRUM
1235 1467 1618 1535 DOMNAE
1661 1467 1895 1535 ANSE
1937 1468 2357 1535 REGINAE.

383 1571 621 1635 Lactea
664 1569 1036 1656 splendifico
1083 1594 1245 1658 quae
1287 1571 1475 1657 fulgit
1516 1571 1742 1636 tumba
1782 1570 2036 1636 metallo

389 1653 813 1719 Reddendum
858 1655 1241 1754 quandoque
1284 1664 1458 1721 tenet
1497 1652 1815 1719 laudabile
1861 1675 2112 1740 corpus·

385 1738 513 1802 Hic
557 1759 834 1823 namque
877 1738 1149 1803 Ausonil
1194 1740 1428 1803 coniux
1472 1737 1897 1824 pulcherrima
1939 1739 2108 1822 regis

385 1820 566 1885 Ansa
609 1822 793 1903 iacet,
837 1831 1043 1886 totum
1086 1844 1339 1908 semper
1379 1822 1630 1887 victura
1672 1844 1789 1907 per
1833 1821 2051 1886 orbem

390 1905 685 1969 Famosis
727 1906 988 1988 meritis,
1032 1906 1187 1971 dum
1231 1904 1487 1971 stabunt
1531 1904 1771 1991 templa
1813 1904 2141 1987 TonantiS‚

381 1988 558 2052 Dum
600 1986 786 2053 flores
831 1999 908 2053 ea
951 1989 1154 2071 terris,
1201 1989 1354 2053 dum
1393 1988 1612 2053 lumen
1654 1992 1736 2052 ab
1782 1987 2035 2053 aethere
2079 1988 2301 2074 surgit.

383 2072 566 2136 Haec
609 2072 882 2157 patriam
926 2070 1107 2137 bellis
1151 2071 1429 2138 laceram
1470 2073 1858 2158 iamiamque
1900 2079 2190 2136 ruentem

383 2154 701 2240 Compare
746 2177 894 2219 cum
938 2177 1175 2241 magno
1218 2154 1504 2221 relevans
1550 2153 1858 2219 stabilivit
1900 2164 1965 2219 et
2005 2154 2203 2218 auxit.
2260 2175 2271 2188 ·

378 2237 652 2303 Protulit
692 2239 849 2303 haec
891 2238 1096 2321 nobis,
1140 2241 1319 2323 regni
1364 2240 1475 2323 qui
1518 2249 1769 2323 sceptra
1809 2247 2068 2319 teneret,

378 2319 688 2407 Adelgisb
732 2345 1057 2408 magnum,
1101 2322 1429 2409 formaque
1472 2322 1815 2406 animoque
1858 2329 2201 2418 potentem,

385 2405 500 2468 *In
544 2427 669 2492 quo
714 2428 831 2492 per
875 2405 1202 2471 Christum
1245 2405 1474 2471 Bardis
1519 2427 1666 2490 spes
1710 2426 1993 2468 maxlma
2034 2404 2285 2467 mansit.
2470 2410 2549 2466 ’μ
2581 2415 2681 2458 ¹⁹8·

379 2490 600 2553 Fortia
641 2501 933 2555 natarum
976 2488 1271 2555 thalamis
1314 2488 1437 2553 sibi
1478 2499 1743 2575 pectora
1785 2488 2012 2568 iunxit,

379 2573 703 2637 Discissos
745 2582 1024 2655 nectem,
1068 2572 1330 2659 rapidus
1376 2594 1538 2660 quos
1581 2569 1853 2635 Aufidus
1897 2571 2116 2651 ambit,

378 2656 569 2720 Pacis
611 2677 827 2722 amore
869 2655 1098 2742 ligans,
1142 2658 1406 2741 cingunt
1450 2668 1651 2743 quos⁰
1693 2655 1908 2719 Renus
1954 2665 2017 2719 et
2058 2654 2296 2718 Hister.

379 2738 549 2820 Quin
595 2740 783 2804 etiam
827 2751 1084 2805 aeterno
1129 2740 1364 2804 mansit
1406 2761 1523 2804 sua
1613 2739 1773 2803 ortio
1817 2737 2000 2823 Regi,

379 2823 686 2909 Virgineo
733 2846 761 2886 s
809 2821 1069 2888 lendore
1111 2824 1374 2906 micans„
1417 2823 1514 2887 his
1605 2822 1777 2887 edita
1819 2821 2072 2907 templis
2091 2834 2136 2885 ².

379 2904 672 2971 Cultibus
797 2906 1056 2971 tithroni
1101 2916 1367 2995 quantas
1409 2905 1770 2971 fundaverit
1809 2905 2020 2987 aedes,

381 2992 685 3076 Quasque
727 2989 1087 3077 frequentat
1129 3014 1342 3078 egens,
1389 2989 1615 3076 pandit
1656 2990 1817 3055 bene
1861 3011 2079 3054 rumor
2120 2988 2377 3075 ubique.

382 3072 659 3138 Securus
703 3074 831 3137 iam
877 3096 1065 3160 carpe
1109 3077 1303 3156 viam,
1395 3075 1725 3159 eregrinus
1769 3073 1850 3138 ab
1896 3073 2022 3137 oris

379 3156 685 3222 Occiduis
730 3158 1018 3245 quisquis
1062 3096 1411 3225 venerandi
1454 3156 1732 3221 culmina
1774 3156 1947 3221 Petri

382 3239 900 3326 Garganiamque
944 3241 1109 3340 petis
1150 3263 1379 3327 rupem
1420 3237 1801 3305 venerabilis
1844 3240 2028 3302 antri.

378 3322 591 3387 Huius
635 3322 715 3388 ab
760 3324 1001 3388 auxillo
1046 3334 1222 3389 tutus
1262 3345 1392 3388 non
1433 3321 1560 3388 tela
1601 3321 1880 3403 latroniS,

376 3406 648 3492 Frigora
690 3405 789 3472 vel
833 3407 1086 3472 nimbos
1128 3408 1312 3472 furva
1354 3406 1472 3472 sub
1515 3416 1702 3469 nocte
1746 3404 2026 3469 timebis:

375 3488 614 3575 Ampla
657 3489 844 3556 simul
886 3513 1034 3555 nam
1075 3500 1242 3557 tecta
1284 3489 1401 3556 tibi
1443 3499 1824 3575 pastumque
1914 3487 2135 3551 aravit.

373 3572 571 3638 Plura
611 3572 786 3661 loqui
830 3574 1095 3640 invitam
1136 3574 1413 3641 brevitas
1460 3581 1635 3637 vetat
1675 3509 1948 3656 inproba
1988 3568 2305 3655 linguam3

379 3654 774 3721 Concludam
817 3658 1071 3743 paucis:
1119 3656 1423 3744 quicquid
1465 3656 1703 3742 pietate
1745 3651 2080 3736 redundat,

376 3740 703 3827 Quicquid
746 3750 956 3806 mente
1000 3742 1220 3821 micat,
1255 3750 1584 3828 gestorum
1627 3747 1739 3802 aut
1778 3736 1921 3802 luce
1968 3747 2274 3818 coruscat,

372 3822 451 3886 In
492 3833 556 3888 te
601 3835 833 3890 cuncta
881 3823 1086 3908 simul,
1128 3824 1379 3911 fulgens
1421 3823 1663 3908 regina,
1704 3821 2019 3886 manebat.

204 3945 251 3999 a)
287 3974 298 3988 .
322 3978 330 3989 .
351 3958 376 3989 c
407 3949 501 3990 cod.
622 3948 670 4002 b)
703 3962 733 4000 g
763 3961 784 3990 e
813 3962 928 3993 corr.
961 3963 996 3992 ο.
1120 3949 1162 4004 c)
1195 3952 1257 3992 ita
1289 3951 1447 3992 emend.
1480 3950 1655 3999 Ηαιψες
1687 3947 1919 3988 chol-entis
1951 3957 1984 3986 c.

209 4040 265 4107 1)
307 4039 389 4109 Cf·
429 4060 598 4110 ΜΡΝ
634 4061 687 4111 p-
728 4046 781 4099 4.
972 4043 1030 4113 2)
1068 4046 1461 4115 Amelberqam,
1514 4043 1836 4096 abbatissam
1871 4038 2177 4093 monasterii
2213 4038 2272 4092 S.
2310 4037 2433 4091 Sal-

204 4116 402 4168 vator-is
433 4116 692 4169 Brixiani
730 4134 765 4168 a
788 4117 1067 4172 Desiderio
1107 4129 1155 4172 et
1192 4117 1343 4172 Ama
1364 4115 1612 4186 fundati,
1650 4122 1709 4169 ut
1743 4115 1981 4182 diploma
2019 4130 2070 4166 a.
2112 4113 2233 4175 769,
2273 4111 2421 4164 Mon.

194 4196 343 4254 patr.
384 4188 551 4253 XIII,
596 4191 682 4254 ⁷0,
722 4190 884 4255 docet,
922 4190 1158 4261 intelliqt‘,
1194 4191 1388 4259 Haupt
1424 4187 1642 4243 monuit.
