3042 4909
305 2345 376 2401 ⁸1).
412 2350 514 2391 144.

542 414 650 464 182
863 412 1085 466 PAULI
1122 411 1470 464 HISTORIA
1507 411 2179 464 LANGOBARDORUM.
2255 413 2402 464 LIB.
2437 414 2505 465 V.

538 589 722 646 tenus
751 577 954 643 multa
996 578 1220 643 eadem
1238 589 1265 621 ⁸
1293 587 1479 643 nocte
1521 579 1848 664 potatione
1888 577 2203 643 resolutus
2244 579 2524 665 vinoque
2568 577 2782 664 sepul-

535 674 673 747 tus,
736 664 858 728 deb
919 684 1035 727 sua
1098 661 1257 727 nihil
1313 661 1514 727 salute
1574 683 1650 725 co
1700 664 1855 727 'tare
1911 661 2167 727 valeret.
2266 662 2492 725 Tuncc
2564 684 2734 726 unus
2752 663 2781 705 ‘¹

538 750 651 834 qui
693 747 774 812 de
832 747 969 811 eius
1027 747 1229 831 patris
1290 744 1600 831 obsequio
1728 754 1893 829 erat,
1956 757 2142 810 cum⁰
2199 745 2409 810 eidem
2467 745 2784 811 Peretarit

534 829 884 897 ferculumf
925 831 1174 914 regium
1218 829 1568 910 adtulisset,
1613 830 1796 915 quasi
1841 849 1989 893 eum
2033 828 2418 893 salutaturus
2456 829 2575 893 sub
2605 851 2780 893 men-

538 926 724 980 sam&
767 923 963 999 caput
1005 916 1280 995 mittens,
1326 913 1575 977 eidem¹¹
1620 919 1877 993 secrete,
1925 913 2076 998 quia
2115 934 2233 977 rex
2260 934 2409 976 eum
2454 911 2776 976 occiderei

535 1000 899 1084 disponeret
912 998 965 1077 ¹⁵,
1004 997 1337 1061 nuntiavit.
1410 996 1722 1060 Perctarit
1758 1017 1909 1060 vero
1955 997 2169 1061 statim
2223 1017 2339 1059 suo
2393 996 2736 1082 pincernae
2751 996 2780 1024 '⁸‘

534 1082 892 1167 praecepit,
935 1088 1009 1142 ut
1051 1080 1172 1145 sibi
1201 1080 1271 1142 in
1309 1078 1458 1142 fiala
1501 1088 1808 1163 argentea
1834 1100 1965 1143 non
1992 1078 2168 1142 aliud
2213 1081 2440 1176 quaml
2482 1077 2767 1163 aliquan-

534 1164 742 1230 tulum
796 1185 1003 1250 aquae
1045 1164 1435 1250 propinaret.
1531 1161 1699 1226 Cum
1743 1184 1825 1226 ue
1866 1161 1935 1225 hi
1954 1174 1997 1205 ¹¹¹
2042 1162 2153 1247 qui
2197 1161 2433 1228 diversi
2448 1174 2481 1204 ¹¹
2522 1162 2776 1247 generis

534 1249 827 1334 potiones
886 1249 946 1311 ei
997 1269 1037 1311 a
1077 1268 1230 1330 rege
1274 1245 1645 1311 deferebant
1732 1268 1767 1310 e
1810 1244 2007 1310 verbo
2049 1246 2221 1330 regis
2265 1268 2414 1309 eum
2455 1255 2777 1330 rogarent,

534 1340 609 1395 ut
647 1340 849 1396 totam
890 1330 1104 1394 fialam
1145 1329 1453 1412 biberet0,
1510 1328 1616 1394 ille
1633 1341 1662 1382 Ρ
1719 1329 1787 1392 in
1847 1328 2195 1394 honorem‘l
2240 1330 2409 1414 regis
2453 1350 2522 1392 se
2580 1337 2780 1392 totam

536 1414 790 1480 biberel
831 1415 1228 1513 promittenS‚
1272 1434 1502 1499 parum
1546 1434 1751 1498 aquae
1792 1410 2037 1477 libabat
2078 1412 2157 1476 de
2216 1433 2289 1475 ar
2333 1420 2516 1475 enteo
2559 1410 2778 1475 calice.

538 1497 669 1576 Qui
710 1498 986 1561 mimstri
1029 1496 1184 1560 dum
1225 1496 1386 1560 haec
1416 1518 1484 1560 re
1536 1497 1550 1510 “
1569 1508 1593 1538 ¹*
1635 1496 2018 1577 nuntiarent,
2063 1495 2234 1581 quod
2264 1497 2287 1558 i
2337 1518 2371 1559 e
2413 1495 2779 1559 avidissime

533 1581 800 1663 biberet,
844 1602 962 1643 rex
988 1578 1192 1644 laetus
1233 1601 1466 1677 respon
1516 1580 1594 1643 'tz
1655 1579 1868 1643 ‘Bibat
1907 1578 2195 1644 ebriosus
2236 1578 2373 1661 ille3
2432 1600 2572 1642 cras
2609 1578 2781 1641 enim

535 1664 775 1749 pariter
817 1662 1041 1727 eadem
1082 1664 1233 1727 vina
1274 1673 1480 1726 mlxta
1507 1683 1659 1725 cum
1702 1663 2012 1746 sanguine
2054 1661 2382 1727 refimdet'.
2467 1661 2782 1726 Peretarit

533 1767 690 1810 vero
732 1746 1045 1811 Unulfum
1060 1756 1081 1788 ⁸
1127 1746 1315 1810 citius
1358 1744 1444 1809 ad
1485 1767 1554 1809 se
1596 1745 1930 1828 adscitum,
1975 1744 2055 1810 de
2100 1766 2216 1808 sua
2256 1754 2460 1809 morte
2504 1746 2566 1808 ei
2604 1745 2777 1828 regis

537 1827 871 1893 consilium
926 1829 1259 1893 nuntiavit.
1359 1827 1490 1908 Qui
1547 1830 1760 1893 statim
1814 1827 1899 1891 ad
1954 1829 2217 1894 domum
2269 1851 2451 1893 suam
2502 1849 2779 1927 puerum

536 1914 729 1995 misit,
774 1921 846 1976 ut
901 1910 1024 1975 sibi
1041 1915 1060 1953 ῑ
1125 1909 1514 1977 lectisternia
1578 1910 1851 1977 deferret
1862 1923 1911 1993 ¹¹,
1974 1911 2341 1997 lectumque
2404 1910 2528 1975 sib1
2590 1911 2775 1974 iuxta

538 2006 806 2062 stratum
861 1995 1175 2060 Perctarit
1215 1994 1356 2058 fieri
1408 1997 1757 2081 praecepit.
1842 1995 1981 2059 Nec
2023 2016 2224 2077 mora,
2268 2019 2387 2060 rex
2437 1992 2778 2059 Grimuald

536 2103 684 2145 suos
728 2079 1023 2145 satellites
1055 2077 1304 2159 direxit,
1349 2080 1461 2163 qui
1491 2077 1775 2161 domum,
1805 2079 1874 2142 in
1904 2100 2030 2165 qua
2048 2080 2359 2143 Peretarit
2386 2075 2775 2163 quiescebat,

532 2187 612 2230 ne
654 2163 869 2249 aliquo
912 2162 1104 2227 modo
1148 2161 1428 2247 effugere
1444 2174 1475 2204 v
1517 2164 1784 2247 possitw,
1828 2162 2150 2227 custodire
2192 2161 2516 2226 deberent.
2587 2158 2779 2224 Cum-

533 2270 661 2334 que
691 2269 889 2312 coena
915 2245 1096 2313 finita
1123 2255 1289 2310 esset
1302 2258 1354 2327 ¹,
1397 2255 1462 2310 et
1502 2247 1811 2332 egressisY
1855 2244 2151 2309 omnibus
2177 2244 2491 2310 Peretarit
2528 2251 2779 2308 tantum

535 2341 597 2398 et
628 2329 905 2396 Unulfus
935 2351 1013 2394 ac
1041 2329 1417 2394 vestiariusz
1447 2330 1762 2394 Perctarit
1808 2330 2263 2394 remansissent
2279 2339 2324 2412 ²,
2368 2332 2393 2358 *
2410 2328 2523 2453 qui
2550 2328 2774 2412 utique

536 2414 786 2479 eidemb
846 2414 995 2477 satis
1054 2422 1235 2476 erant
1285 2411 1525 2494 fideleS,
1586 2412 1922 2477 consilium
1967 2414 2064 2477 ei⁰
2106 2413 2404 2497 aperiunt
2489 2420 2553 2476 et
2593 2410 2776 2474 obse-

536 2508 719 2563 crant
759 2519 905 2561 eum
919 2508 964 2578 0,
1008 2504 1099 2577 ut,
1144 2517 1291 2560 cum
1332 2497 1645 2560 Peretarit
1685 2495 1936 2581 fugeret
1950 2496 1990 2577 f,
2032 2496 2170 2581 ipse
2229 2517 2375 2559 eum
2391 2507 2421 2550 8
2464 2494 2777 2581 quamdiu

533 2583 780 2666 possitll
822 2582 991 2644 intra
1020 2579 1277 2644 eodemi
1324 2577 1693 2643 cubiculum
1723 2581 2053 2664 quiescere
2096 2578 2424 2644 simularet
2437 2580 2491 2641 ¹⁵.
2579 2575 2774 2642 Oum-

536 2686 661 2750 que
717 2686 784 2728 se
839 2662 978 2726 illel
1033 2661 1158 2726 hoc
1212 2662 1532 2726 facturum
1574 2663 2099 2749 spopondissetm,
2157 2661 2475 2727 Unulfus¹¹
2525 2681 2775 2747 pannos

598 2810 649 2879 ¹⁸²)
686 2813 734 2862 L
774 2814 805 2860 2
847 2812 1028 2863 addit.-
1069 2828 1228 2878 quem
1265 2811 1428 2877 vulgo
1467 2813 1786 2864 scaffardum
1829 2814 2075 2866 dicimus.

530 2955 577 3008 a)
610 2956 671 2996 ad
700 2966 743 2996 e.
772 2956 811 2995 Ε·
843 2958 884 2996 1.
1004 2955 1053 3006 b)
1084 2956 1142 2995 ad
1172 2966 1303 2996 suam
1334 2967 1378 2998 ιι.
1425 2958 1622 2997 salutem
1664 2957 1830 3009 (salute
1860 2957 1897 2997 Ε
1932 2956 1976 3008 1)
2009 2958 2061 2999 Ε.
2095 2957 2150 3000 G.
2183 2959 2208 2998 1
2239 2959 2290 3008 ὃς
2337 2959 2394 3000 de
2440 2968 2550 2999 suae
2582 2959 2768 2999 animae

532 3028 579 3056 n.
612 3026 650 3058 s.
680 3015 706 3054 1
738 3016 779 3053 1.
899 3010 941 3063 c)
975 3014 1092 3053 Tum
1123 3013 1165 3052 A
1197 3012 1260 3054 ’8.
1291 3015 1330 3053 Ε
1364 3017 1403 3053 1.
1439 3014 1480 3055 G
1508 3018 1550 3054 1.
1585 3018 1625 3054 2.
1747 3015 1794 3067 d)
1827 3027 1871 3056 u.
1906 3017 1963 3058 de
1994 3018 2213 3068 parasitis
2246 3017 2372 3058 G5c.
2494 3016 2540 3066 e)
2568 3018 2643 3057 cui
2671 3017 2707 3056 I?
2728 3019 2769 3056 1.

530 3072 567 3125 f)
600 3073 818 3123 poculum
850 3070 900 3112 Ο.
931 3071 989 3111 D.
1021 3072 1046 3111 1
1076 3073 1118 3114 2.
1239 3070 1285 3122 g)
1317 3073 1381 3112 ita
1411 3072 1454 3111 A
1486 3074 1526 3114 2.
1558 3074 1597 3113 Β
1632 3075 1677 3112 1.
1719 3074 1757 3113 Ε
1792 3076 1834 3116 1.
1869 3074 1910 3115 G
1943 3076 1983 3116 1.
2019 3076 2069 3125 2;
2120 3077 2204 3116 sub
2235 3077 2346 3115 deest
2378 3074 2420 3116 G
2451 3076 2493 3116 3.
2525 3077 2580 3125 4;
2627 3076 2677 3115 in
2705 3086 2769 3115 m.

530 3133 556 3172 1
587 3132 642 3181 ὃς
674 3140 836 3171 mensa
865 3130 1002 3169 ceteri.
1162 3128 1210 3180 h)
1244 3131 1367 3171 idem
1396 3132 1435 3170 Ε
1469 3134 1507 3173 1.
1556 3131 1598 3171 G
1629 3133 1668 3171 1.
1818 3131 1853 3183 1)
1885 3134 1951 3172 hic
1980 3135 2161 3174 alterum
2192 3135 2284 3174 cod.
2320 3134 2361 3175 G
2391 3130 2437 3174 ’2
2473 3133 2770 3184 sraqmenmm

530 3190 697 3239 incipit.
789 3188 841 3242 k)
872 3189 1116 3238 disponere
1145 3189 1183 3228 Ε
1216 3191 1256 3230 1.
1347 3188 1383 3240 l)
1416 3191 1527 3230 deese
1560 3189 1601 3231 G
1633 3191 1685 3240 2;
1710 3196 1812 3239 post
1841 3192 1983 3241 suppl.
2018 3191 2121 3234 Gl.
2155 3192 2229 3243 ‘83
2262 3194 2353 3233 nisi
2385 3191 2426 3233 G
2459 3192 2531 3233 50.
2618 3189 2684 3242 m)
2702 3191 2771 3231 bii

531 3249 574 3289 A
605 3249 647 3290 6.
679 3248 718 3287 Β
754 3249 825 3289 la.
854 3248 894 3287 E
929 3249 969 3287 1.
998 3247 1042 3286 H
1075 3249 1115 3287 1.
1147 3247 1172 3286 Ι
1206 3248 1245 3288 1.
1281 3247 1330 3297 8;
1363 3259 1383 3287 e
1412 3260 1529 3289 corr.
1560 3250 1603 3288 D
1636 3250 1691 3298 13
1736 3249 1807 3289 his
1838 3250 1890 3289 F.
1923 3249 1980 3291 G.
2101 3248 2152 3301 n)
2184 3252 2391 3291 diversus
2421 3251 2458 3290 F
2494 3253 2541 3300 13
2574 3249 2768 3290 diversis

534 3306 577 3347 G
608 3309 650 3346 1.
684 3304 746 3346 ’2.
781 3307 823 3347 2.
856 3307 899 3347 4.
1021 3302 1066 3357 o)
1096 3305 1312 3346 biberent
1341 3306 1378 3345 F
1410 3308 1452 3347 1.
1583 3303 1632 3358 p)
1666 3311 1712 3347 et
1741 3308 1771 3347 i.
1804 3308 1847 3347 A
1877 3309 1919 3349 2.
2060 3307 2107 3360 q)
2139 3309 2314 3351 honore
2343 3309 2386 3348 A
2418 3311 2459 3350 6.
2490 3310 2544 3349 F.
2580 3307 2635 3351 G.
2667 3308 2691 3347 1
2722 3307 2767 3349 3.

531 3362 574 3416 r)
606 3365 731 3414 regis
761 3364 805 3406 G
838 3364 968 3406 1-4,
1003 3386 1053 3396 —
1087 3366 1333 3405 nunciaret
1360 3365 1399 3403 Ε
1432 3368 1473 3405 1.
1508 3363 1551 3405 G
1582 3366 1622 3407 1.
1654 3362 1717 3406 ’2.
1754 3368 1805 3417 2;
1850 3378 1890 3407 r.
1922 3368 1965 3407 d.
1998 3368 2043 3409 h.
2075 3378 2120 3407 n.
2153 3368 2205 3408 F.
2238 3367 2293 3408 G.
2329 3389 2380 3398 -
2412 3368 2625 3407 biberent
2654 3366 2691 3405 F
2723 3368 2765 3407 1.

532 3422 573 3474 s)
604 3423 811 3464 Hunulfo
842 3423 901 3463 ad
933 3433 982 3463 se
1013 3423 1161 3463 accito
1190 3424 1233 3462 D
1252 3424 1293 3463 2.
1328 3424 1368 3464 3.
1457 3421 1494 3473 t)
1526 3424 1637 3463 deest
1664 3426 1704 3464 Β
1723 3427 1765 3465 1.
1856 3422 1905 3475 ιι)
1938 3425 2123 3466 afferret
2154 3425 2204 3467 C.
2232 3427 2290 3468 D.
2322 3427 2346 3466 Ι
2364 3429 2413 3476 1;
2443 3424 2706 3467 defferretF
2726 3425 2766 3466 1.

530 3482 579 3535 v)
612 3482 807 3531 effugite
839 3477 952 3523 o·1.
986 3480 1088 3522 Gl.
1123 3482 1163 3522 8.
1196 3484 1249 3531 43
1282 3481 1486 3530 effugere
1515 3493 1631 3521 corr.
1663 3488 1713 3522 ut
1742 3484 1909 3523 videtur
1940 3483 2133 3533 effugire
2166 3485 2256 3525 01.
2344 3485 2406 3534 w)
2439 3483 2658 3534 possete,
2674 3482 2767 3522 alii.

529 3538 581 3592 x)
613 3544 769 3581 essent
795 3541 834 3579 Ε
868 3543 908 3580 1.
1013 3538 1062 3592 y)
1096 3541 1270 3589 egressi
1299 3540 1342 3579 A
1374 3543 1413 3580 1.
1443 3542 1482 3580 Β
1516 3543 1557 3580 1.
1587 3542 1626 3580 Ε
1659 3543 1699 3591 1,
1730 3543 1846 3591 quod
1864 3542 2061 3591 sortasse
2089 3544 2375 3592 recipiendum
2405 3548 2515 3583 erat.
2621 3539 2663 3592 z)
2691 3550 2767 3580 ve·

530 3600 713 3639 stiarios
743 3599 786 3639 A
818 3601 859 3639 1.
890 3599 929 3638 Ε·
961 3600 1011 3649 13
1055 3600 1331 3648 vestigat-ius
1379 3599 1420 3640 G
1451 3596 1512 3638 ’1.
1667 3597 1712 3649 a)
1745 3602 2042 3641 remansisset
2083 3599 2127 3640 A
2159 3603 2199 3640 1.
2234 3603 2276 3641 2.
2306 3603 2360 3642 Β.
2511 3598 2559 3653 b)
2592 3599 2768 3640 eisdem

532 3656 576 3698 G
608 3660 652 3698 1.
683 3654 749 3697 ’2.
783 3658 824 3697 2.
947 3655 989 3708 c)
1023 3661 1069 3697 et
1098 3657 1199 3702 Α2.
1318 3654 1365 3708 d)
1398 3658 1581 3706 apernit
1611 3662 1657 3698 et
1686 3658 1897 3699 obsecrat
1924 3660 1962 3699 Ε
1988 3655 2050 3700 ’2.
2081 3659 2105 3698 1
2137 3660 2187 3709 33
2220 3662 2401 3710 aperuit
2430 3663 2477 3700 et
2507 3658 2770 3700 obsecravit

529 3713 575 3754 A
605 3715 647 3756 3.
682 3713 724 3755 G
753 3715 833 3763 δεῖ
866 3716 1048 3763 aperuit
1077 3719 1124 3755 et
1153 3716 1397 3756 obsecrant
1425 3717 1464 3755 Β
1498 3717 1542 3757 2.
1576 3717 1627 3765 33
1659 3718 1875 3766 aperiunt
1903 3721 1950 3758 et
1980 3718 2222 3759 obsecrare
2251 3719 2294 3758 A
2324 3718 2377 3768 ῦς
2408 3720 2691 3768 aperuerunt
2719 3720 2767 3757 et

532 3771 776 3814 obsecrant
807 3771 857 3812 C.
888 3772 945 3813 D.
1094 3773 1137 3824 e)
1169 3775 1278 3814 deese
1312 3774 1361 3817 C.
1410 3796 1462 3804 —
1509 3778 1556 3814 et
1587 3785 1690 3814 cum
1733 3775 1776 3815 A
1808 3777 1848 3816 1.
1998 3774 2038 3827 s)
2073 3778 2245 3825 fugitet
2291 3777 2325 3818 Ο
2357 3776 2419 3816 ’1.
2467 3778 2510 3816 D
2545 3778 2587 3817 1.
2618 3776 2670 3817 Ρ.
2704 3774 2766 3815 G.

531 3828 580 3881 g)
613 3830 738 3871 enim
770 3828 813 3869 G
842 3830 893 3879 33
924 3841 1094 3870 erasum
1126 3831 1167 3872 G
1196 3828 1257 3871 ’2.
1293 3833 1339 3881 2;
1370 3832 1481 3871 deest
1510 3833 1548 3871 F
1578 3834 1622 3873 4.
1658 3832 1699 3873 G
1729 3834 1857 3873 5a.c.
1949 3832 1998 3886 h)
2030 3839 2187 3884 posset
2215 3836 2254 3874 B
2289 3837 2329 3876 1.
2366 3835 2416 3888 C,
2446 3836 2540 3875 alii.
2632 3831 2668 3884 i)
2701 3833 2766 3872 ita

529 3887 573 3928 A
606 3890 647 3928 1.
680 3889 722 3928 2.
755 3887 796 3928 5.
828 3888 867 3927 Β
902 3889 942 3929 1.
993 3888 1028 3928 C
1060 3885 1122 3929 ’1.
1168 3890 1211 3928 D
1246 3892 1286 3929 1.
1326 3893 1395 3930 la.
1429 3886 1521 3931 Ἧι.
1571 3891 1620 3932 F.
1674 3889 1716 3931 G
1747 3893 1875 3932 1-4.
1908 3892 1933 3931 1
1964 3893 2019 3943 ὃς
2067 3894 2280 3934 cubiculo
2310 3894 2349 3933 Β
2386 3895 2427 3935 1.
2477 3893 2512 3934 0
2542 3888 2606 3933 ’1.
2639 3893 2682 3931 D
2718 3893 2766 3940 13

531 3948 728 3987 eundem
756 3948 796 3986 Β
831 3949 902 3986 la.
937 3947 978 3985 2.
1011 3946 1045 3987 0
1080 3948 1119 3986 1.
1155 3946 1197 3988 2.
1228 3947 1271 3985 D
1305 3948 1347 3989 2.
1380 3948 1421 3987 3.
1453 3949 1493 3988 Ε
1528 3949 1568 3989 1.
1602 3950 1639 3989 F
1670 3950 1714 3993 4.
1747 3948 1790 3989 G
1821 3951 1861 3991 1.
1894 3950 1919 3989 Ι
1956 3951 2007 4000 23
2038 3953 2233 3992 eondem
2262 3963 2379 3993 corr.
2413 3952 2612 3992 eundem
2641 3950 2684 3990 A
2713 3949 2767 3998 43

528 4005 652 4046 idem
682 4004 723 4044 A
755 4005 798 4046 3.
833 4004 867 4045 O
901 4005 943 4044 1.
977 4005 1017 4044 2.
1049 4004 1123 4043 4b.
1154 4004 1197 4043 D
1230 4002 1324 4044 Ἔα.
1355 4005 1392 4044 F
1424 4002 1486 4046 ’2.
1523 4005 1564 4045 G
1594 4007 1723 4052 bac.
1873 4006 1922 4060 k)
1955 4010 2228 4050 simularent
2258 4011 2293 4051 C
2324 4007 2387 4050 ’1.
2421 4013 2467 4059 1;
2510 4010 2771 4060 quiesceret

529 4064 579 4105 F.
613 4062 679 4112 G3
724 4075 768 4112 q.
799 4062 973 4102 diceret
1001 4062 1038 4101 F
1068 4057 1130 4103 ’2.
1167 4063 1206 4103 5.
1239 4062 1262 4102 1
1295 4063 1335 4113 3,
1381 4068 1419 4102 ct
1449 4063 1542 4103 azia
1570 4076 1704 4105 manu
1732 4076 1845 4105 corr.
1897 4066 1938 4107 G
1970 4069 2008 4108 1.
2042 4069 2093 4118 Δις
2138 4069 2296 4119 possit,
2339 4069 2565 4110 fateretur
2595 4078 2700 4108 eum
2732 4068 2767 4111 i.

528 4122 653 4161 idem
684 4131 723 4161 c.
755 4121 992 4170 quiescere
1026 4119 1067 4160 G
1098 4120 1224 4161 διο.
1344 4118 1378 4171 1)
1411 4122 1523 4161 deest
1553 4123 1596 4162 D
1629 4124 1669 4164 8.
1701 4124 1752 4163 F.
1788 4123 1851 4173 G;
1891 4125 1973 4167 ille
2005 4136 2054 4167 se
2087 4126 2176 4167 hoc
2210 4127 2245 4167 C
2279 4129 2318 4169 1.
2353 4129 2393 4168 2.
2426 4128 2469 4167 Β
2505 4130 2545 4168 1.
2579 4126 2603 4165 Ι
2635 4128 2676 4168 1.
2710 4146 2764 4156 -

530 4178 586 4217 In
614 4180 658 4218 D
692 4180 716 4217 1
748 4183 961 4218 corrector
1005 4179 1129 4228 siquo
1173 4179 1286 4219 inter
1317 4180 1398 4220 ille
1428 4185 1467 4219 ec
1496 4181 1585 4221 hoc
1608 4183 1754 4231 posito
1802 4183 1947 4223 addit:
1995 4195 2046 4226 se
2088 4186 2248 4234 fugere
2302 4194 2596 4235 nequaquam
2627 4194 2765 4235 posse

529 4240 829 4288 asseveraret,
859 4237 932 4276 illi
960 4237 1157 4277 Pertarit
1201 4238 1542 4286 inquirentibus
1572 4241 1625 4280 in
1654 4241 1817 4281 eodem
1863 4243 2100 4289 quiescere
2131 4245 2373 4284 simularet
2404 4244 2614 4285 cubiculo
2647 4242 2768 4283 intu-

528 4294 715 4392 {prnAnt3
741 4295 822 4344 qui
851 4295 961 4335 dum
991 4300 1086 4345 θεας
1118 4297 1232 4347 quod
1260 4299 1386 4338 ceteri
1412 4298 1457 4338 D
1486 4296 1611 4350 (10⁴?)
1643 4304 1905 4348 receperunt.
1999 4298 2062 4352 m)
2095 4303 2384 4352 promisisset
2412 4302 2456 4343 A
2486 4300 2548 4344 ’8.
2640 4296 2689 4351 ιι)
2720 4304 2769 4342 et
