3042 4909
542 385 762 437 PAULI
801 386 1149 439 HISTORIA
1186 386 1857 440 LANGOBARDORUM.
1936 387 2078 438 LIB.
2116 388 2212 438 Iv.
2405 389 2508 440 157

434 553 578 617 28³¹
663 552 823 617 Erat
886 561 1103 618 autem
1160 551 1260 616 his
1330 551 1556 617 diebus
1614 553 1824 618 adhuc
1882 552 2202 619 discordia
2254 553 2505 639 Lango-
2528 569 2624 625 (29)

266 635 485 701 bardis
531 658 677 700 cum
719 637 1023 701 Romanis
1041 650 1059 683 ¹
1148 645 1365 722 ropter
1406 637 1843 723 captivitatem
1871 634 2038 703 filiae
2081 638 2270 723 regis.
2360 638 2509 718 Qua

222 794 235 805 ,
267 720 348 785 de
421 741 617 785 causa
685 741 804 783 rex
865 659 1145 805 Agilulip
1176 741 1470 805 egressus
1542 719 1975 786 Mediolaniol’
2046 743 2263 787 mense
2321 721 2505 821 Iulio3
2525 739 2621 783 sul.

268 803 518 869 obsedit
596 804 919 869 civitatem
985 802 1484 869 Cremonensem
1578 825 1722 868 cum
1803 802 2049 870 Sclavis
2066 853 2083 887 ‚
2179 827 2339 891 quos
2363 816 2389 849 ⁰
2447 828 2507 870 e1

267 908 542 952 cacanus
585 909 702 950 rex
744 888 1149 953 Avarorumd
1211 887 1279 951 in
1322 886 1630 952 solacium
1675 888 1953 970 miserat,
2010 898 2073 954 et
2115 909 2188 953 ce
2235 889 2285 953 it
2326 899 2506 954 eam⁰

266 969 648 1036 duodecimo
676 970 1001 1036 Kalendas
1033 971 1429 1056 Septembris
1472 980 1537 1037 et
1577 970 1663 1035 ad
1692 970 1896 1036 solum
1939 993 2143 1058 usque
2217 973 2505 1037 estruxit.

264 1055 416 1119 Pari
458 1054 650 1119 etiam
691 1054 884 1119 modo
928 1055 1322 1140 expugnavit
1364 1054 1557 1120 etiam
1579 1056 1600 1098 f
1636 1055 1987 1137 Mantuam,
2032 1067 2097 1122 et
2136 1056 2506 1144 interruptis
2526 1073 2643 1122 Aue·
2665 1074 2735 1113 21·

265 1138 464 1202 muris
509 1139 644 1202 eius
699 1158 848 1202 cum
888 1137 1193 1203 arietibus
1210 1149 1259 1220 8,
1325 1138 1483 1203 dans
1536 1140 1789 1204 veniam
1808 1140 1837 1181 ¹¹
1890 1138 2196 1204 militibus
2262 1141 2374 1239 qui
2438 1141 2506 1206 in

264 1243 344 1286 ea
399 1231 579 1286 erant
639 1220 1000 1287 revertendi
1065 1221 1470 1304 Ravennam,
1539 1224 2064 1322 *ingressusquei
2135 1232 2231 1290 est
2294 1246 2362 1287 1n
2428 1246 2505 1289 ea
2524 1237 2541 1257 ·
2559 1252 2605 1291 p.
2626 1240 2725 1284 186.

262 1304 416 1369 diek
457 1304 691 1369 Iduum
739 1305 823 1370 Se
871 1302 1233 1371 tembrium.
1320 1306 1503 1369 Tunc
1558 1308 1751 1372 etiam
1792 1307 2083 1392 partlbus
2135 1307 2503 1393 Langobar·
2524 1319 2627 1363 60³·

263 1388 492 1453 dorum
533 1410 600 1453 se
629 1388 795 1453 tradi
842 1390 893 1453 it
935 1398 1217 1453 castrum
1258 1389 1432 1476 quod
1461 1388 1804 1456 Vulturina
1821 1391 1852 1433 ¹·
1877 1402 1897 1436 ²
1928 1400 2224 1473 vocatur3
2270 1389 2502 1455 milites
2523 1375 2726 1427 ⁸⁸⁹²·¹⁸·

260 1494 417 1538 vero
447 1472 800 1537 Brexillum
810 1484 896 1520 Μ
943 1473 1253 1559 oppidum
1294 1474 1431 1558 igni
1474 1482 1857 1557 cremantes,
1901 1473 2228 1559 fugierunt
2245 1486 2294 1538 ¹¹.
2380 1473 2503 1538 His

262 1557 354 1621 ita
394 1556 681 1642 patratis,
722 1555 974 1622 reddita
1002 1566 1101 1621 est
1141 1555 1272 1620 filia
1312 1558 1482 1643 regis
1526 1579 1566 1621 a
1611 1557 1998 1623 Smaracdo⁰
2039 1557 2308 1643 patricio
2354 1579 2504 1622 cum

262 1641 402 1705 viro
445 1659 522 1703 ac
565 1639 750 1704 filiisl'
793 1661 871 1705 ac
898 1640 1090 1705 rebus
1121 1640 1397 1724 cunctis3
1440 1640 1737 1727 factaque
1779 1649 1876 1706 est
1916 1662 2050 1726 pax
2077 1663 2296 1706 mense
2332 1661 2501 1705 nono

262 1745 466 1811 usque
495 1721 818 1788 Kalendas
846 1721 1086 1809 Aprilis
1114 1724 1477 1789 indictionis
1492 1737 1521 1780 (ι
1554 1736 1816 1790 octavae
1830 1735 1877 1788 ⁴.
1954 1723 2120 1790 Filia
2146 1745 2298 1790 vero
2327 1725 2499 1811 regis
2519 1745 2621 1789 sos.

261 1819 455 1871 moxr
497 1827 538 1870 a
577 1807 926 1873 Ravenna⁵
970 1808 1271 1871 Parmam
1321 1807 1546 1893 rediit3
1617 1807 1737 1873 ob‘
1793 1807 2234 1874 difficultatem
2275 1818 2497 1894 partus

261 1890 638 1977 periclitata,
697 1892 944 1956 statimn
1004 1890 1307 1955 defuncta
1372 1899 1486 1958 est.
1572 1892 1718 1958 Hoc
1777 1914 1946 1956 anno
2007 1892 2449 1977 Teudepertus
2466 1904 2496 1936 v
2517 1899 2620 1941 ⁶⁰⁶·

260 1984 325 2040 et
353 1974 791 2039 Theudericus
820 1996 1002 2060 reges
1024 1976 1420 2040 Francorum
1443 1975 1751 2041 adversus
1776 1974 2170 2041 Olotharium
2198 1983 2500 2062 patruum

261 2136 308 2189 a)
341 2138 420 2177 hoc
446 2149 543 2187 cap.
578 2149 658 2177 om.
687 2136 728 2176 A
760 2135 822 2178 ’4.
971 2134 1019 2188 b)
1051 2138 1114 2177 ita
1145 2137 1187 2177 A
1220 2140 1261 2180 1.
1296 2138 1346 2188 ²3
1379 2137 1633 2179 Mediolani
1663 2137 1705 2177 A
1737 2138 1809 2189 '23
1852 2138 2116 2179 Mediolano
2147 2137 2188 2176 A
2221 2137 2263 2178 3.
2295 2136 2338 2176 4.
2370 2137 2412 2179 5.
2447 2137 2497 2179 C.

261 2198 320 2238 D.
352 2198 390 2236 F
423 2198 464 2237 2.
499 2196 541 2238 5.
574 2197 618 2236 Η
652 2196 699 2245 1;
732 2197 884 2236 medio
915 2196 1025 2236 iano
1057 2197 1080 2236 1
1115 2198 1163 2246 ις
1194 2197 1529 2236 Mediolanium
1559 2197 1596 2236 F
1618 2199 1657 2239 1.
1692 2198 1737 2239 4.
1769 2196 1811 2238 G
1844 2199 1885 2239 1.
1920 2197 1960 2236 2.
1993 2197 2034 2237 3.
2069 2195 2150 2244 5⁸5
2182 2195 2500 2236 Mediolanum

260 2257 300 2296 Β
334 2258 374 2296 1.
410 2256 449 2297 2.
486 2253 527 2295 G
557 2255 600 2295 4.
664 2264 703 2296 c.
825 2252 867 2306 c)
901 2264 1016 2303 quse
1047 2256 1083 2294 F
1118 2257 1158 2296 1.
1195 2254 1238 2296 G
1270 2257 1313 2295 1.
1349 2256 1388 2294 3.
1511 2253 1559 2307 d)
1590 2254 1795 2296 Avarum
1827 2256 1888 2295 ad
1920 2254 1962 2296 G
1992 2256 2045 2304 23
2076 2254 2367 2295 Haben-orum
2396 2255 2434 2294 F
2457 2256 2497 2297 1.

261 2313 306 2367 e)
337 2314 448 2353 deest
482 2313 522 2355 G
551 2315 594 2354 4.
630 2334 683 2344 —
718 2314 990 2353 duodecima
1020 2314 1063 2354 A
1095 2314 1137 2352 2.
1257 2311 1294 2364 f)
1329 2317 1375 2353 et
1404 2314 1442 2354 Β
1478 2316 1516 2354 1.
1553 2316 1622 2355 la.
1656 2316 1697 2356 2.
1730 2313 1772 2355 G
1802 2314 1946 2363 5a.b3
1977 2314 2089 2353 deest
2122 2312 2163 2352 A
2194 2311 2253 2356 ’2.
2288 2313 2329 2358 3.
2362 2313 2410 2353 4.
2443 2312 2496 2354 0.

261 2374 320 2414 D.
369 2373 405 2412 F
438 2372 479 2412 3.
530 2371 571 2412 G
604 2374 644 2413 2.
679 2371 719 2414 3.
751 2373 793 2412 4.
841 2372 886 2411 Η
920 2374 957 2412 1.
1126 2371 1173 2423 g)
1206 2371 1437 2412 Avarlbus
1483 2373 1520 2411 Β
1557 2374 1598 2413 1.
1633 2374 1683 2422 2;
1730 2372 1982 2423 parietibus
2014 2373 2054 2412 A
2084 2368 2146 2411 ’3.
2297 2368 2345 2422 h)
2378 2373 2499 2411 vlam

260 2431 315 2473 0.
348 2431 406 2472 D.
439 2430 463 2470 1
497 2432 538 2473 1.
690 2429 725 2481 1)
759 2440 849 2480 que
896 2430 1006 2469 dem
1035 2431 1074 2470 Β
1109 2433 1179 2471 la.
1210 2431 1252 2470 D
1286 2431 1327 2471 3.
1359 2432 1403 2472 4.
1436 2431 1473 2470 F
1506 2430 1549 2472 5.
1584 2430 1626 2472 G
1655 2432 1699 2473 4.
1733 2431 1777 2470 H
1810 2433 1852 2472 1.
1883 2431 1906 2471 1
1939 2432 1988 2480 23
2035 2431 2270 2479 ingressus
2316 2440 2500 2480 quoque

260 2492 298 2530 F
330 2491 372 2531 4.
409 2489 450 2530 G
480 2490 521 2530 2.
556 2489 696 2539 5a.b;
725 2499 1027 2539 reversusque
1059 2488 1152 2530 01.
1185 2490 1226 2531 2.
1258 2490 1281 2529 1
1303 2491 1341 2531 1.
1464 2487 1513 2540 k)
1547 2490 1609 2529 ita
1641 2490 1682 2529 A
1718 2491 1758 2533 1.
1790 2491 1815 2529 2
1849 2489 1981 2544 (corr.
2015 2486 2155 2539 eam).
2185 2489 2286 2528 132.
2321 2484 2412 2529 ‘3a.
2445 2489 2499 2539 43

261 2550 423 2590 eadem
473 2549 537 2590 id.
570 2548 604 2589 C
639 2549 679 2588 2.
711 2549 749 2588 F
783 2550 819 2589 1.
853 2547 914 2589 ’2.
947 2549 989 2588 4.
1023 2547 1065 2589 G
1098 2549 1135 2589 1.
1173 2549 1213 2589 2.
1249 2548 1304 2598 3;
1352 2549 1549 2589 eandem
1582 2547 1625 2589 G
1655 2550 1700 2590 4.
1734 2547 1812 2598 5⁸3
1859 2558 1962 2588 eam
1994 2549 2068 2588 dle
2114 2546 2156 2586 A
2187 2545 2248 2588 ’2.
2285 2543 2348 2591 ’3.
2378 2547 2420 2588 3.
2451 2549 2494 2589 4.

362 2638 375 2651 .
435 2617 464 2647 a
515 2608 554 2647 2.
589 2607 622 2647 G
658 2608 699 2648 1.
733 2606 774 2645 3.
807 2607 849 2646 D
884 2609 924 2646 1.
963 2609 1028 2646 la.
1061 2607 1102 2648 3.
1136 2606 1178 2648 6.
1211 2607 1249 2646 F
1279 2607 1321 2648 5.
1471 2607 1507 2659 l)
1542 2608 1784 2649 Vulterina
1812 2607 1853 2647 A
1885 2608 1935 2657 23
1977 2606 2209 2648 Vultu-ina
2239 2605 2274 2646 Ο
2308 2608 2359 2655 1;
2391 2606 2500 2648 Vul-

415 2638 537 2715 0‘23
570 2665 797 2707 Vulturna
826 2665 869 2704 D
903 2666 952 2714 33
999 2665 1294 2706 Vulturinam
1343 2664 1385 2706 G
1414 2666 1456 2706 3.
1489 2667 1532 2705 4.
1668 2664 1731 2718 m)
1759 2666 2031 2707 Bresssslum
2060 2666 2098 2705 F
2131 2667 2181 2715 13
2224 2665 2500 2706 Pressiuum

339 2729 380 2767 1.
413 2725 436 2764 1
467 2726 522 2773 33
569 2725 658 2764 Pre
681 2725 854 2764 ..llum
882 2725 1177 2773 superscripta
1207 2724 1351 2764 littera
1381 2736 1414 2765 x
1446 2723 1487 2765 G
1519 2728 1570 2775 ²3
1616 2724 1867 2765 Breslllum
1899 2724 1941 2766 G
1970 2726 2026 2775 43
2072 2724 2324 2764 Brixillum
2358 2722 2399 2764 G
2431 2723 2499 2764 5c.

343 2796 358 2823 ι

415 2853 439 2883 c

259 2610 313 2767 esus

315 2610 383 2707 ἓνμ

260 2782 311 2836 ιι)
351 2785 406 2823 ἰα
450 2783 492 2823 A
526 2783 654 2824 1-4,
685 2783 724 2822 Β
759 2785 795 2822 1.
844 2781 879 2824 0
913 2780 973 2823 ’1.
1005 2783 1047 2822 D
1082 2785 1122 2824 1.
1152 2783 1189 2822 Γ
1223 2785 1261 2824 1.
1314 2781 1355 2823 G
1388 2785 1427 2835 1,
1459 2784 1559 2833 alin}
1605 2784 1825 2833 fugerunt
1867 2785 1905 2825 Β
1941 2786 2010 2823 la.
2045 2783 2079 2824 C
2111 2783 2185 2824 4b.
2217 2784 2254 2822 F
2284 2780 2349 2823 ’2.
2384 2781 2426 2823 G
2457 2783 2500 2825 2.

262 2843 334 2884 bs.
353 2842 396 2882 b.
455 2852 467 2892 ς
502 2841 764 2889 effugerunt
792 2842 857 2880 vel
886 2840 1214 2891 effugiet-unic
1233 2842 1359 2894 1--3,
1389 2842 1584 2892 plerique
1613 2842 1670 2883 D.
1690 2842 1715 2883 1
1733 2843 1774 2883 1.
1896 2841 1941 2895 o)
1955 2843 2020 2882 ita
2050 2843 2130 2881 hoc
2157 2843 2249 2881 loco
2277 2841 2313 2885 Ο
2332 2844 2370 2882 1.
2394 2842 2436 2881 D
2457 2843 2498 2882 1.

258 2899 309 2954 p)
342 2901 439 2941 fllia
467 2901 509 2940 A
541 2900 591 2950 33
623 2899 747 2940 filius
779 2898 814 2940 Ο
848 2902 887 2939 1.
1009 2898 1057 2952 q)
1087 2901 1151 2940 ita
1182 2900 1224 2940 A
1257 2903 1297 2942 1.
1331 2898 1391 2944 ’2.
1423 2902 1465 2943 2.
1498 2902 1541 2940 4.
1576 2900 1617 2941 5.
1646 2903 1685 2942 Β
1722 2903 1760 2942 1.
1795 2900 1830 2943 0
1862 2898 1925 2942 ’1.
1957 2901 2000 2941 D
2033 2902 2074 2944 1.
2104 2900 2147 2941 4.
2178 2900 2223 2940 H
2252 2902 2302 2952 13
2335 2903 2498 2940 octava

260 2959 302 3000 A
336 2962 358 3000 1
377 2959 398 2999 ¹?
456 2959 712 2999 indictione
776 2962 936 2999 octavo
982 2957 1023 2997 A
1057 2959 1107 3010 33
1183 2958 1439 3001 indictione
1488 2959 1741 3013 (indicione
1805 2959 1848 3001 G
1881 2959 1925 3013 2)
1969 2963 2133 3000 octava
2177 2957 2308 3014 (vm)
2355 2959 2494 2998 ceteri.

262 3017 302 3071 r)
335 3023 387 3058 ut
408 3024 510 3068 post
540 3018 640 3059 add.
672 3018 710 3056 F
745 3019 787 3056 1.
823 3017 864 3057 G
896 3018 938 3069 2,
970 3022 1009 3057 et
1038 3018 1102 3058 ita
1133 3017 1175 3059 G
1204 3018 1273 3059 5ο.
1394 3017 1434 3070 s)
1467 3018 1738 3060 Ravennam
1780 3019 1832 3059 P.
1876 3020 2064 3060 rediens
2093 3019 2132 3058 Β
2169 3021 2218 3068 13
2263 3019 2379 3061 Rev.
2408 3017 2496 3057 Ro·

259 3087 398 3129 mam,
429 3078 478 3117 in
507 3077 700 3126 maraine
729 3076 829 3118 add.
876 3077 950 3116 vel
982 3076 1167 3117 domum
1200 3075 1241 3117 G
1273 3077 1314 3118 2.
1464 3075 1500 3129 t)
1536 3080 1583 3118 et
1614 3078 1670 3117 ob
1704 3077 1754 3118 Ο.
1787 3078 1830 3117 D
1865 3080 1905 3120 1.
1942 3078 1984 3120 G
2015 3077 2059 3119 4.
2090 3078 2223 3120 emb.
2243 3088 2285 3121 c.
2314 3078 2339 3118 1
2372 3079 2413 3116 1.
2446 3077 2496 3125 23

256 3139 395 3186 atque
428 3136 485 3176 ob
518 3136 559 3175 D
592 3135 635 3177 2.
669 3131 761 3175 ’3α.
793 3133 834 3173 3.
984 3132 1033 3186 u)
1065 3136 1175 3175 deest
1204 3136 1242 3175 B
1276 3138 1317 3178 1.
1352 3137 1393 3177 2.
1561 3134 1608 3189 v)
1638 3136 1943 3178 Thladbertus
1974 3140 2021 3177 et
2050 3137 2323 3177 Thlsdricus
2356 3134 2398 3176 G
2429 3134 2497 3185 5ο,

259 3199 298 3234 ee
326 3196 391 3235 ita
420 3195 634 3244 deinceps.

263 3307 320 3376 1)
356 3307 395 3359 i.
437 3324 480 3360 e.
520 3305 937 3370 Ravennatibus,
988 3314 1046 3358 ut
1101 3304 1569 3374 scribit'Aqnellus
1619 3324 1662 3358 c.
1708 3309 1828 3361 101.
1921 3306 2000 3374 Qf.
2041 3306 2186 3360 Gom.
2226 3306 2495 3376 Prosperi,

257 3381 351 3432 ubi
387 3379 584 3432 similia
620 3386 933 3431 narrantur.
1016 3378 1163 3443 Quae
1193 3380 1242 3432 si
1279 3397 1305 3433 e
1332 3379 1576 3432 Secundo
1613 3386 1789 3431 sumta
1818 3387 1994 3446 putes,
2033 3381 2238 3432 Paulus
2269 3397 2332 3431 ea
2369 3378 2495 3430 omi-

256 3454 386 3506 sisse
423 3453 708 3505 censendus
745 3460 877 3504 esset
912 3469 1049 3519 quae
1085 3453 1176 3505 ille
1212 3461 1433 3505 narrat:
1471 3470 1645 3520 reyem
1670 3470 1786 3503 cum
1821 3454 1978 3505 totius
2016 3453 2201 3504 robore
2239 3450 2500 3504 excercitus

261 3527 336 3578 ad
391 3526 710 3578 obsidionem
766 3524 913 3576 urbis
970 3525 1170 3577 Romae
1221 3527 1536 3592 perrexisse,
1591 3527 1685 3577 sed
1742 3542 1858 3576 cam
1915 3525 2200 3593 Greqorius
2229 3541 2386 3591 papa
2424 3526 2498 3576 ad

257 3599 464 3668 qradas
504 3597 753 3650 basilicae
789 3616 832 3651 s.
871 3597 1020 3650 Petri
1057 3599 1106 3651 ei
1141 3597 1460 3662 occurrisset,
1501 3598 1661 3664 hujus
1691 3597 1938 3664 precibus
1960 3599 2205 3664 fractum
2243 3597 2309 3648 ab
2350 3596 2496 3648 urbis

261 3672 533 3725 obsidione
567 3670 853 3724 recessisse.
930 3670 1042 3724 Sed
1079 3671 1424 3724 Continuator
1462 3689 1566 3723 sua
1605 3671 1824 3723 aliunde
1863 3670 2108 3722 hausisse
2144 3670 2355 3722 videtur
2368 3688 2387 3733 ‚·
2425 3671 2493 3736 eff.

257 3744 405 3798 Hills
433 3763 498 3811 p.
541 3745 638 3807 10,-
674 3743 873 3807 Jacobi,
916 3744 1138 3806 Qaellen
1163 3763 1227 3812 p.
1267 3745 1356 3795 83.
1433 3745 1626 3798 Postea
1651 3743 1809 3796 etiam
1848 3742 2017 3805 addit,
2055 3743 2339 3807 Romanos,
2381 3760 2497 3794 cum

260 3820 334 3871 ad
372 3818 715 3870 obsidendam
750 3817 974 3870 Romam
1020 3818 1292 3887 Aqilulfus
1329 3835 1426 3870 reoe
1464 3818 1705 3882 venisset,
1763 3818 1794 3868 5
1833 3817 2137 3869 centenaria
2191 3834 2246 3869 se
2283 3816 2495 3884 Lango-

261 3890 445 3943 bar-dis
482 3891 747 3943 soluturos
784 3906 894 3943 esse
931 3892 1306 3957 spopondisse5
1341 3890 1501 3958 idque
1538 3889 1903 3944 EYeutberium
1941 3890 2242 3953 exarchum,
2282 3907 2317 3940 a
2355 3888 2495 3941 Sun-

258 3964 444 4016 drario
485 3962 590 4029 (ita
626 3963 770 4029 cod.)
811 3963 942 4016 duce
979 3964 1456 4035 Langobardorum
1496 3961 1713 4030 saepius
1752 3964 1882 4016 bello
1920 3963 2126 4026 vietum,
2167 3962 2341 4014 denuo
2378 3978 2496 4013 con·

242 4039 511 4105 firmasse.
660 4034 718 4103 2)
759 4035 1032 4089 Valdoria.
1164 4036 1225 4105 3)
1261 4038 1498 4091 Bersello
1524 4055 1630 4090 non
1655 4039 1803 4105 longe
1829 4055 1864 4088 a
1889 4036 2107 4106 Reqqio.
2253 4033 2314 4102 4)
2352 4032 2499 4085 Anni

257 4111 447 4163 scilicet
488 4110 613 4162 605.
692 4108 943 4177 Congruit
979 4110 1100 4162 huic
1135 4110 1300 4163 Pauli
1335 4110 1590 4164 historiae
1647 4110 1835 4163 datum
1870 4109 2121 4162 recitatae
2159 4109 2213 4160 d.
2255 4107 2499 4174 Gregorii

259 4183 526 4249 epistolae,
584 4183 766 4236 indict.
810 4184 857 4249 ⁷,
914 4200 1096 4251 nempe
1146 4193 1269 4252 post
1322 4201 1549 4238 mensem
1605 4182 1921 4250 Septembris
1979 4181 2111 4233 anni
2168 4182 2291 4247 603,
2348 4180 2496 4248 cujus

258 4256 419 4308 etiam
456 4257 590 4309 anni
623 4273 798 4309 mense
839 4256 1123 4310 Novembri
1147 4274 1269 4324 pax
1324 4274 1439 4309 cum
1475 4255 1850 4323 Langobardis
1888 4264 1963 4309 est
2007 4255 2145 4308 inita
2179 4255 2239 4307 in
2295 4271 2497 4307 annum

249 4329 422 4394 ferme
462 4347 525 4381 ac
560 4328 860 4383 dimidium.
933 4331 1029 4382 BI.
