3042 4909
542 383 653 432 248
1118 380 1574 431 EPITAPnnm
1608 380 1846 430 ANSAE
1883 379 2224 432 REGIRAE.

304 564 388 622 ἰ».
422 570 525 611 121.
1052 556 1073 575 ⁸
1102 546 1363 612 Sedenti
1404 569 1572 632 pape
1613 556 1762 611 ante
1803 568 1914 609 ora
1957 547 2244 609 omnium

888 630 1151 696 scedula
1193 631 1383 695 datur
1423 631 1755 694 continens
1796 630 2158 714 praeterita,

887 737 1053 801 quae
1096 728 1241 778 acta
1282 730 1461 778 erant
1500 713 1832 799 praedicto
1874 713 1956 776 de
1999 714 2373 794 scismate⁸3

886 820 1080 885 quam
1121 799 1223 861 vir
1265 796 1585 861 excellens
1627 797 2050 860 Dammianus
2066 798 2095 838 ¹
2136 795 2441 881 pontifex
2465 810 2486 843 ¹

883 884 991 970 pio
1036 881 1273 945 direxit
1313 880 1554 945 dietata
1595 881 1908 944 effamine.
1958 892 2030 957 4-

1053 984 1315 1068 Sergius
1404 1005 1530 1068 apa
1569 983 1708 1067 regi
1751 991 1848 1046 est
1885 980 2203 1068 pollicitus

886 1090 1001 1132 sua
1042 1091 1081 1131 a
1124 1067 1268 1130 Deo
1396 1076 1652 1152 empta⁶
1692 1066 2009 1146 facinora3

882 1150 1041 1215 illud
1080 1149 1432 1237 prophetae
1449 1164 1494 1230 ²,
1540 1149 1654 1213 ubi
1695 1148 1938 1235 inquid,
1979 1146 2293 1212 recoletdz

880 1235 1032 1316 ‘Qui
1074 1246 1410 1320 peccatore
1452 1234 1537 1298 ab
1579 1254 1791 1297 errore
1835 1243 2162 1297 convertet
2176 1243 2224 1314 ⁰,

882 1339 1003 1384 sua
1043 1340 1083 1382 a
1126 1330 1330 1383 morte
1370 1316 1668 1382 liberavit
1705 1318 1956 1379 anima'.
2003 1327 2074 1394 4-

1049 1419 1280 1483 Merito
1321 1421 1488 1483 iuste
1530 1429 1751 1504 pastor
1790 1416 2182 1503 apostolicus

883 1502 1061 1588 digni
1104 1503 1278 1587 quod
1321 1514 1499 1567 erant
1541 1511 1752 1568 sectae
1792 1522 2033 1587 pravae
2047 1501 2071 1544 ¹
2112 1500 2386 1582 codices,

885 1607 1044 1672 quos
1086 1586 1348 1650 antefati
1391 1587 1908 1671 conscripserunt
1947 1595 2257 1666 auctoreS,

884 1669 1069 1733 iussit
1110 1668 1394 1751 conburi,
1434 1668 1604 1733 ultra
1641 1692 1724 1734 ne
1765 1668 2124 1754 pulluerent
2137 1679 2167 1722 8

883 1773 1228 1837 pravorum
1272 1766 1537 1834 mentes,
1584 1754 1697 1837 qni
1738 1765 1917 1816 erant
1957 1751 2039 1816 de
2081 1752 2397 1816 scismate.
2422 1763 2500 1830 -Ι-

1048 1853 1211 1917 Mihi
1251 1854 1532 1938 ignosce,
1576 1877 1712 1938 rex,
1757 1876 2018 1940 quaesu,
2059 1853 2364 1940 piissime,

884 1948 997 2003 tua
1040 1937 1151 2023 qui
1188 1937 1363 2001 iussa
1401 1939 1684 2023 nequivi,
1729 1951 1801 2002 ut
1843 1936 2168 2017 condecet,

884 2042 1166 2108 pangere
1212 2043 1320 2085 ore
1365 2019 1698 2108 styloque¹¹
1743 2030 2105 2103 contexere,

882 2115 1053 2171 recte
1095 2114 1169 2168 ut
1207 2103 1422 2170 valent
1463 2105 1742 2170 edissere
1781 2104 2067 2185 medrici,

882 2189 1108 2274 scripsi
1151 2211 1269 2273 per
1308 2209 1503 2274 prosa
1544 2199 1618 2253 ut
1658 2187 2122 2252 oratiunculam
2140 2189 2178 2250 ⁵.
2218 2195 2291 2265 †

1057 2288 1280 2354 Gloria
1321 2291 1487 2375 Regi
1528 2312 1753 2375 regum
1798 2291 1866 2352 in
1906 2300 2290 2374 perpetuum

887 2394 1192 2437 canamus
1237 2394 1478 2454 omneS,
1524 2395 1774 2437 oremus
1818 2382 1882 2437 et
1923 2373 2181 2457 pariter,

886 2479 1004 2522 sua
1045 2466 1118 2521 ut
1158 2480 1227 2522 re
1276 2480 1378 2522 em
1424 2456 1899 2543 Ounincpercto
1943 2455 2207 2520 dextera

885 2550 1178 2627 protecat
1220 2479 1514 2605 ghristus
1557 2541 1664 2604 hic
1706 2537 1908 2603 multa
1948 2561 2067 2624 per
2105 2548 2415 2624 tempora,

883 2625 1083 2690 vitam
1129 2632 1450 2689 aeternam
1493 2624 1799 2709 deinceps
1843 2631 1907 2687 et
1948 2622 2204 2688 tribuat.
2252 2631 2324 2701 †

893 2987 1019 3044 111.
1106 2988 1658 3043 EPITAPHIUM
1699 2989 1982 3044 ANSAE
2023 2987 2436 3044 REGINAE.

716 3098 795 3161 In
839 3098 1053 3162 codice
1095 3096 1505 3162 bibliothecae
1551 3100 1835 3163 civitatis
1865 3099 2351 3184 Lipsiensis
2381 3099 2436 3176 I,
2483 3096 2569 3160 74
2625 3102 2803 3163 inter

548 3183 847 3246 carmina
886 3179 1098 3246 Paulo
1138 3181 1441 3246 Diacono
1488 3182 1803 3247 attributa
1847 3182 2254 3267 epitaphium
2294 3181 2535 3268 Zeqitur
2564 3182 2801 3247 Ansae

548 3268 843 3351 reginae,
888 3266 1118 3330 umoris
1161 3266 1497 3330 Desiderii
1547 3267 1740 3352 reqis,
1803 3268 1974 3351 quod
2019 3267 2356 3331 Historiae
2398 3265 2797 3350 La‘nyobar-

549 3350 735 3414 dicae
779 3350 1042 3436 insigne
1098 3357 1575 3414 monumentum
1636 3372 1677 3412 a
1737 3349 1798 3413 b.
1848 3372 1929 3416 m.
1977 3349 2270 3432 Hauptio
2328 3350 2572 3413 editum
2638 3351 2799 3431 (Be-

548 3432 747 3496 richte
793 3433 910 3496 der
953 3433 1184 3499 Sc’iclzs.
1230 3430 1373 3497 Ges.
1434 3433 1496 3496 d.
1555 3433 1739 3497 Wiss.
1788 3433 1970 3513 1850,
2001 3456 2078 3517 p.
2110 3432 2185 3513 8)
2244 3433 2360 3496 hoc
2415 3430 2552 3495 loco
2653 3457 2796 3497 rae-

548 3518 882 3581 termittere
913 3514 1261 3581 noluimus.
1347 3515 1540 3579 Ansa
1570 3539 1711 3580 cum
1753 3518 1990 3580 marito
2032 3519 2106 3580 in
2147 3516 2504 3579 Franciam
2597 3525 2797 3580 ucta³

550 3621 674 3684 quo
747 3621 923 3663 anno
995 3598 1219 3663 obierit
1288 3621 1420 3662 non
1494 3607 1774 3681 constat,
1855 3621 2058 3686 neque
2131 3599 2444 3683 quomodo
2489 3596 2791 3681 factum,

550 3683 724 3827 {uod
768 3682 988 3747 saltem
1030 3691 1286 3746 mortua
1316 3683 1388 3745 in
1422 3684 1725 3766 patriam
1761 3691 2002 3746 terram
2031 3684 2463 3761 reduceretur,
2508 3681 2584 3743 id
2616 3682 2794 3766 quod

596 3786 664 3829 oc
717 3767 1004 3830 carmine
1050 3765 1366 3830 docemur.
1473 3764 1662 3839 Quod
1705 3767 1765 3830 si
1808 3766 2018 3830 Paulo
2061 3775 2224 3831 recte
2279 3766 2350 3829 ki
2404 3786 2632 3828 versus
2678 3767 2792 3829 tri-

550 3848 867 3931 buuntur,
926 3850 1197 3933 tempori
1253 3848 1674 3913 adscribendi
1728 3858 1896 3929 sunt,
1956 3873 2079 3935 quo
2132 3852 2205 3914 in
2264 3848 2424 3914 aula
2480 3846 2796 3912 Adelchis

546 4006 592 4061 a)
626 4021 669 4059 q.
703 4018 745 4051 a.
781 4020 821 4051 e.
853 4020 899 4060 p.
934 4010 977 4050 d.
1009 4019 1073 4052 sc.
1106 4010 1255 4049 desum
1286 4010 1327 4050 2.
1459 4007 1506 4061 b)
1541 4010 1797 4051 Damianus
1829 4011 1869 4051 2.
2005 4008 2046 4061 c)
2081 4011 2264 4051 ademta.
2296 4011 2336 4050 2.
2474 4006 2522 4062 d)
2550 4010 2717 4050 recolit
2749 4010 2775 4048 Β

545 4066 855 4169 ξιζιὲἒῐιιιιζοῗοίῑ
887 4068 927 4110 2.
1048 4066 1085 4120 f)
1119 4072 1242 4109 secte
1274 4078 1415 4118 prave
1449 4070 1489 4109 2.
1615 4069 1660 4121 g)
1693 4070 1944 4119 polluerint
1978 4071 2017 4110 2.
2136 4068 2185 4121 h)
2217 4069 2417 4117 utileque
2451 4068 2490 4108 2.
2614 4066 2651 4118 i)
2687 4078 2792 4108 ora-

551 4253 608 4323 1)
654 4254 973 4318 Ticinemiu
1011 4257 1078 4323 qs.
1123 4256 1275 4308 Paul.
1327 4256 1421 4320 VI,
1460 4260 1512 4308 4.
1666 4256 1727 4325 2)
1762 4258 1936 4326 Epist.
1975 4255 2162 4310 Jacobs·
2201 4258 2251 4321 5,
2291 4256 2378 4309 20.
2526 4253 2587 4322 3)
2626 4254 2774 4306 Anu.

550 4325 756 4379 Nazar.
795 4326 970 4381 Alam.
1001 4326 1102 4380 SS.
1143 4327 1192 4392 I,
1221 4347 1282 4395 p.
1323 4331 1416 4383 40.

443 4764 567 4876 2„
784 4870 796 4876 ,
2787 4564 2967 4876 Α
