3042 4909
478 402 699 455 PAULI
735 402 1083 455 HISTORIA
1120 401 1791 456 LANGOBARDORUM.
1868 403 2012 454 LIB.
2053 402 2149 455 IV.
2339 400 2441 451 159

208 571 314 635 in⁸
357 569 649 635 custodia
691 568 812 634 fuit
863 591 944 635 ne
991 591 1071 634 ue
1128 570 1196 633 in
1240 567 1453 655 aliqua
1505 567 1884 652 afflictione3
1954 569 2067 636 sed
2124 569 2227 634 die
2325 569 2446 634 uab

209 675 467 720 causam
526 653 691 719 dixit
741 659 806 717 et
860 652 942 717 ad
993 652 1152 719 'ctus
1172 665 1197 696 ⁰
1250 661 1362 736 est,
1420 654 1743 719 nesciente
1800 675 1904 718 me
1921 654 1970 736 (¹,
2026 676 2066 719 a
2115 652 2281 718 Boni
2309 652 2449 717 acio

209 737 456 803 notario
500 737 568 801 in
610 736 874 802 domum
917 737 1052 802 eius
1097 736 1329 801 ductus
1371 746 1470 802 est
1525 737 1743 823 ibique
1783 737 2110 824 prandidit
2152 745 2215 803 et
2255 735 2451 802 hono·

212 831 386 887 ratus
431 830 528 887 est
569 818 653 886 ab
698 841 772 885 eo
817 829 880 886 et
919 830 1108 886 nocte
1150 818 1362 886 subito
1406 829 1699 886 mortuus
1744 824 1874 890 est'.
1961 821 2134 886 Ecce
2175 830 2450 907 quantae

212 903 580 969 humilitatis
638 904 741 968 vir
781 905 904 970 iste
944 904 1099 987 fuit,
1155 905 1294 992 qui,
1351 926 1500 969 cum
1555 912 1723 970 esset
1763 927 2050 971 summus
2101 903 2449 991 pontifex⁰‚

215 1010 280 1054 se
325 1009 581 1053 servum
623 987 1004 1053 nominavit!
1091 987 1267 1053 Ecce
1317 998 1593 1087 quantae
1643 989 2109 1072 innocontiaef,
2180 989 2291 1075 qui
2332 1009 2451 1053 nec

210 1073 277 1136 in
328 1080 532 1137 morte
574 1072 709 1135 Lan
761 1071 1180 1154 obardomm,
1234 1094 1345 1158 qu1
1363 1083 1392 1127 8
1436 1072 1658 1159 utique
1704 1081 1768 1137 et
1807 1072 2117 1138 increduli
2168 1080 2347 1138 erant
2391 1079 2455 1136 et

214 1156 428 1221 omnia
471 1154 734 1221 devasta
781 1165 908 1238 ant,
954 1177 1021 1220 se
1037 1156 1066 1197 ¹¹
1110 1155 1385 1221 noluerit
1425 1157 1848 1222 ammisceri¹!

376 1239 477 1304 30.
493 1241 524 1282 ¹¹
607 1238 817 1325 Igitur
878 1240 1169 1325 sequenti
1221 1246 1457 1305 aestate
1510 1262 1730 1305 mense
1790 1240 1954 1306 Iulio
2033 1243 2280 1306 levatus
2356 1248 2452 1339 est
2470 1240 2573 1345 (⁶2¹2

208 1321 626 1388 Adaloaldus¹
696 1345 814 1388 rex
879 1343 1073 1409 super
1141 1322 1602 1408 Langobardos
1665 1333 1824 1471 atput
1886 1323 2321 1390 Mediolanum
2383 1346 2448 1387 1n
2468 1361 2558 1401 m,

209 1406 400 1506 circo²
465 1407 531 1470 in
596 1406 959 1493 praesentia
1019 1407 1269 1493 patrism
1313 1407 1413 1471 sui
1470 1405 1690 1491 Agilul
1788 1430 1857 1473 re
1904 1409 1985 1491 ie,
2053 1407 2448 1473 adstantibus

205 1488 229 1553 l
310 1500 432 1555 atls
496 1490 922 1576 Teudeperti¹¹
987 1491 1155 1576 regis
1229 1490 1656 1573 Francorum,
1736 1502 1800 1557 et
1914 1494 2283 1579 isponsata⁰
2357 1500 2452 1556 est

210 1575 267 1639 ei
315 1585 449 1638 eml’
493 1575 669 1660 regio
713 1595 912 1660 puero
957 1572 1087 1637 filia
1127 1575 1296 1660 regis
1334 1573 1740 1661 Teudeperti‚
1786 1584 1850 1641 et
1890 1575 2142 1641 firmata
2184 1585 2279 1640 est
2320 1595 2450 1661 pax

211 1665 522 1745 perpetua
565 1680 715 1722 cum
758 1658 1024 1722 Francis
1047 1670 1089 1722 ¹.

381 1743 523 1806 31.‹1
608 1741 857 1807 Eodem
883 1750 1169 1840 tempore
1190 1743 1427 1806 Franci
1458 1763 1606 1805 cum
1632 1742 1997 1807 Saxonibus
2037 1751 2452 1829 pugnantes¹‚
2473 1770 2567 1826 (32)

212 1846 446 1911 magna
475 1835 756 1974 εξνεῖεεθ
773 1826 883 1924 ἰὼ
913 1837 1202 1924 utusque
1230 1824 1521 1911 partibus
1550 1824 1724 1891 facta
1753 1834 1866 1892 est.
1929 1824 2124 1911 Apud
2154 1825 2452 1890 Ticinum

214 1930 468 1996 quoque
514 1931 581 1973 1n
652 1908 902 1974 amheat
957 1908 1128 1974 beatl
1157 1909 1331 1974 Petri
1370 1908 1642 1995 apostoli
1669 1910 1898 1975 Petrus
1929 1920 2151 1975 cantor
2189 1907 2453 1973 fulmine

217 1993 231 2009 ·
534 2005 561 2036 u

213 2002 517 2141 10tus33st
569 2041 875 2163 'Sequenti
938 2075 1211 2162 denique
1227 2087 1256 2118 v
1321 2099 1538 2143 mense
1592 2077 1653 2141 Ν
1656 2077 1980 2142 ovembrio
2037 2099 2156 2141 rex
2210 2073 2463 2159 Agilulf
2473 2066 2567 2168 222)

211 2181 438 2247 pacem
481 2160 687 2225 fecitw
732 2182 882 2225 cum
935 2159 1281 2224 Smaracdo
1333 2161 1602 2246 patricio
1646 2162 1713 2224 in
1756 2182 1995 2225 annum
2025 2181 2244 2241 unum,
2290 2179 2453 2222 acci·
2470 2156 2585 2227 Nov‘.

209 2244 393 2330 piens
456 2257 540 2310 a¹
589 2244 930 2309 Romanis²
997 2242 1337 2309 duodecim
1389 2243 1606 2309 milia?
1667 2243 2033 2309 solidorum.
2143 2240 2452 2307 Civitates

213 2349 471 2416 quoque
513 2327 806 2410 Tusciae,
861 2327 984 2391 hoc
1038 2335 1134 2392 est
1185 2325 1505 2392 Balneus²
1550 2327 1790 2413 Regis-'-
1849 2338 1913 2392 et
1955 2326 2172 2392 Urbs*
2231 2326 2449 2406 Vetus,

211 2435 251 2479 a
292 2410 734 2497 Langobardis
798 2412 1058 2476 invasae
1122 2419 1289 2476 sunt.
1376 2412 1562 2476 Tunc
1627 2412 1817 2477 etiam
1870 2432 2087 2476 mense
2137 2411 2198 2474 A
2246 2406 2345 2472 rili
2389 2417 2453 2473 et
2471 2434 2572 2476 606.

209 2495 383 2560 Maio
399 2497 426 2538 ¹³
452 2496 754 2582 apparuit
780 2496 849 2559 in
879 2493 1054 2560 caelo
1085 2493 1264 2560 stella
1294 2516 1486 2581 quam
1516 2504 1829 2561 cometem
1846 2506 1872 2539 ⁰
1901 2494 2139 2559 dicunt.
2266 2491 2453 2557 ehinc

211 2578 466 2665 Agilulf
498 2601 616 2644 rex
656 2580 887 2646 iterum
929 2577 1082 2644 fecit
1120 2600 1349 2665 pacem
1394 2601 1543 2643 cum
1584 2578 1891 2644 Romanis
1934 2578 2138 2644 tribus
2181 2576 2381 2642 annis.

380 2663 483 2728 33.
502 2663 531 2706 ‘¹
616 2662 739 2727 His
782 2661 1010 2727 diebus
1061 2661 1360 2728 defuncto
1415 2662 1656 2729 Severo
1700 2662 2080 2750 patriarcha,
2125 2660 2564 2736 ordinaturffl)

210 2747 281 2812 in
295 2757 319 2790 0
383 2746 525 2812 loco
571 2747 704 2814 eius
754 2746 1070 2811 Iohannes
1113 2746 1312 2813 abbas
1340 2746 1704 2833 patriarcha
1746 2747 1813 2811 in
1837 2745 2137 2834 Aquileia
2154 2746 2176 2788 f
2216 2754 2452 2825 vetere,

216 2918 263 2972 a)
296 2920 404 2961 deese
433 2920 472 2960 F
506 2922 528 2959 1
565 2916 657 2970 (uhi
689 2915 902 2970 custodi).
940 2917 979 2957 G
1014 2921 1063 2968 13
1112 2928 1262 2967 neque
1293 2918 1342 2959 in
1376 2929 1414 2959 c.
1447 2918 1481 2962 f.
1511 2919 1602 2961 des.
1634 2919 1671 2959 F
1702 2918 1745 2960 5.
1878 2916 1925 2971 b)
1958 2918 2005 2958 (11
2038 2927 2224 2958 oausam
2255 2916 2292 2956 Ρ
2327 2918 2375 2965 13
2408 2916 2456 2955 di

215 2989 355 3030 quam
401 2989 515 3019 corr.
566 2979 718 3018 dicam
765 2988 901 3027 quum
952 2975 995 3017 G
1026 2978 1082 3025 13
1129 2977 1231 3018 dico
1280 2987 1419 3025 quam
1470 2976 1512 3018 G
1545 2979 1586 3021 8.
1619 2978 1672 3028 43
1720 2988 1753 3019 s.
1801 2978 2009 3027 aliquam
2056 2987 2095 3017 c.
2140 2975 2181 3017 G
2211 2975 2284 3017 50..
2321 2985 2369 3025 03
2418 2985 2455 3016 ε.

213 3040 374 3089 aliqua
406 3049 443 3079 c.
479 3036 514 3079 Ο
550 3039 589 3077 8.
711 3034 753 3088 c)
784 3036 964 3078 additus
997 3034 1040 3076 G
1072 3035 1113 3076 8.
1147 3038 1199 3085 43
1243 3036 1397 3076 adictu
1428 3036 1467 3077 Β
1503 3038 1551 3086 13
1599 3036 1821 3077 adductus
1853 3036 1895 3076 A
1926 3033 1988 3077 ’4.
2021 3038 2064 3077 4.
2099 3034 2141 3077 5.
2176 3034 2225 3076 G.
2261 3034 2303 3073 D
2338 3035 2376 3075 1.
2415 3035 2454 3074 8.

213 3098 259 3138 Η
292 3100 330 3145 1,
364 3102 401 3137 ee
431 3108 452 3137 ο
483 3107 598 3136 corr.
632 3095 674 3135 A
706 3096 755 3144 83
802 3096 1025 3137 abductus
1057 3094 1081 3133 1
1116 3096 1166 3144 13
1213 3094 1410 3134 adducta
1441 3094 1479 3133 Ε
1514 3097 1564 3144 13
1615 3098 1660 3137 et
1692 3095 1841 3136 dictus
1871 3096 1910 3135 Β
1946 3095 1987 3136 8.
2140 3090 2187 3144 d)
2221 3093 2330 3133 deese
2360 3093 2397 3133 F
2431 3093 2453 3131 1

213 3155 383 3210 (postea
413 3159 514 3196 ame
560 3164 685 3196 noso.
731 3151 909 3205 suppl).
945 3152 987 3194 G
1019 3155 1059 3193 1.
1093 3155 1135 3195 8.
1168 3152 1221 3202 43
1269 3163 1342 3193 me
1373 3164 1415 3193 n.
1452 3152 1492 3193 G
1526 3155 1567 3194 8.
1690 3151 1735 3205 e)
1767 3154 1858 3195 Dei
1903 3164 1948 3204 p.
1981 3165 2018 3194 s.
2051 3164 2088 3196 s.
2133 3152 2371 3193 hominum
2403 3150 2454 3192 Ο.

211 3216 273 3256 D.
305 3215 328 3255 1
364 3217 403 3255 1.
522 3210 560 3264 f)
593 3213 624 3256 1.
655 3213 728 3253 vir
757 3214 843 3253 iste
874 3212 964 3253 fuit
992 3212 1031 3253 Β
1066 3214 1106 3254 1.
1141 3213 1179 3254 8.
1301 3209 1348 3263 α)
1382 3223 1425 3261 q.
1459 3222 1503 3252 u.
1537 3212 1622 3253 des.
1656 3213 1694 3253 Β
1730 3214 1768 3252 1.
1806 3234 1858 3243 -
1891 3216 1938 3252 et
1966 3213 2077 3253 deese
2109 3210 2143 3252 C
2178 3212 2217 3252 1.
2254 3209 2309 3253 G.
2341 3209 2380 3249 L
2414 3211 2453 3251 1.

211 3271 262 3325 h)
292 3283 393 3314 sese
439 3271 480 3313 A
510 3269 573 3313 ’8.
609 3272 647 3314 8.
678 3271 721 3315 4.
754 3270 794 3312 5.
826 3272 864 3312 Β
900 3273 939 3313 1.
977 3273 1045 3312 1ι.
1083 3271 1121 3311 8.
1158 3270 1192 3312 0
1225 3269 1268 3314 8.
1299 3271 1356 3313 D.
1388 3269 1432 3309 H
1466 3272 1514 3319 13
1560 3280 1661 3311 esse
1694 3269 1730 3311 Ο
1764 3272 1811 3320 13
1858 3271 1940 3311 sed
1987 3270 2028 3312 G
2059 3271 2102 3310 4.
2138 3290 2189 3299 -
2224 3268 2458 3309 noluerint

213 3332 254 3374 A
290 3334 341 3381 83
385 3330 536 3373 uoluit
564 3331 602 3371 Β
638 3332 708 3372 la.
740 3331 782 3370 D
817 3330 857 3373 8.
892 3331 930 3371 Ε
966 3332 1004 3375 1.
1035 3329 1072 3369 Ρ
1104 3326 1167 3372 ’8.
1200 3327 1224 3368 1
1256 3328 1307 3378 83
1353 3329 1567 3369 noluerat
1613 3329 1652 3370 Β
1687 3330 1724 3369 1.
1760 3327 1801 3369 G
1835 3330 1872 3370 8.
1904 3330 1928 3369 1
1960 3329 2010 3378 83
2057 3328 2305 3369 noluerant
2333 3328 2371 3368 Β
2407 3328 2455 3376 83

210 3390 414 3432 voluerit
471 3390 514 3429 D
546 3386 638 3430 ⁶8⁸.
675 3390 716 3431 8.
748 3390 790 3431 4.
853 3387 896 3429 G
926 3387 995 3429 ὕει.
1031 3399 1070 3429 c.
1232 3384 1267 3438 1)
1300 3387 1514 3427 amisoeri
1577 3385 1618 3427 A
1650 3385 1708 3426 2?
1755 3387 1794 3428 8.
1824 3387 1870 3426 4.
1934 3388 1968 3430 0
2002 3389 2042 3427 1.
2091 3386 2133 3443 D
2170 3388 2209 3428 1.
2254 3384 2295 3425 G
2326 3385 2368 3428 8.
2403 3385 2456 3433 43

212 3447 561 3502 ud(m)miscere
591 3447 632 3489 A
664 3448 704 3491 ὃ.
738 3447 772 3489 C
803 3447 877 3489 41).
909 3447 946 3487 Ρ
977 3444 1038 3488 ’8.
1075 3446 1117 3488 G
1150 3447 1186 3488 8.
1222 3446 1351 3488 διο.
1501 3443 1551 3497 k)
1584 3446 1661 3485 hoc
1688 3455 1784 3495 cap.
1818 3455 1901 3486 om.
1935 3445 1976 3486 A
2007 3442 2069 3484 ’4.
2218 3441 2254 3495 l)
2286 3442 2454 3484 Adaio-

211 3509 345 3550 uldus
377 3508 419 3548 A
450 3504 521 3558 ’83
553 3506 898 3548 Adadoloaldus
932 3505 974 3547 G
1008 3508 1047 3546 1.
1080 3507 1109 3546 4
1142 3504 1216 3558 (-
1250 3502 1377 3557 dux).
1509 3501 1574 3555 m)
1602 3503 1725 3555 patri
1755 3503 1797 3543 A
1830 3505 1869 3547 1.
1898 3505 1937 3544 Β
1974 3505 2013 3545 1.
2046 3503 2089 3542 D
2124 3504 2164 3542 1.
2197 3502 2236 3542 Ε
2270 3503 2308 3544 1.
2342 3501 2379 3541 Ρ
2414 3503 2453 3543 1.

214 3567 258 3608 G
293 3570 332 3619 1,
364 3568 507 3607 littera
538 3576 560 3605 s
593 3562 826 3619 (patriani)
857 3564 905 3605 in
936 3566 1162 3615 archetypo
1207 3564 1331 3604 semel
1359 3567 1529 3603 tantum
1558 3563 1734 3612 scripta.
1870 3560 1919 3613 n)
1954 3560 2181 3611 Theudip.
2213 3560 2250 3600 F
2284 3562 2305 3600 1
2343 3558 2456 3613 (mox

212 3623 449 3676 Teudip.).
485 3624 526 3666 G
559 3625 600 3668 1.
721 3623 766 3677 o)
798 3624 862 3664 ita
892 3622 934 3662 A
968 3625 1006 3664 1.
1043 3623 1081 3663 8.
1115 3622 1150 3664 O
1185 3625 1223 3663 1.
1254 3623 1296 3663 D
1333 3624 1372 3664 1.
1405 3623 1442 3662 F
1477 3624 1516 3664 1.
1554 3621 1595 3663 G
1629 3621 1767 3671 1-43
1814 3620 1943 3672 desp.
1975 3621 2014 3662 Β
2051 3622 2089 3673 1,
2121 3617 2225 3669 a10'2'3
2273 3618 2453 3669 dispen-

211 3689 316 3726 sata
349 3683 384 3726 C
417 3680 479 3724 ’1.
599 3681 648 3734 p)
681 3683 806 3725 idem
836 3682 874 3723 F
908 3684 976 3724 1⁸.
1012 3683 1054 3724 4.
1091 3680 1133 3722 G
1166 3683 1291 3723 1-4,
1427 3679 1475 3731 q)
1507 3682 1586 3721 hoc
1613 3690 1707 3730 cap.
1740 3690 1821 3720 om.
1851 3679 1892 3721 A
1924 3676 1984 3720 ’4.
2104 3676 2143 3730 ι·)
2176 3678 2369 3720 Francis
2401 3698 2456 3710 —

211 3742 529 3796 pugnantibus
575 3753 688 3785 corr.
719 3742 761 3782 D
799 3743 838 3794 1,
871 3746 908 3781 ee
939 3741 1003 3781 ita
1033 3741 1112 3781 alii
1142 3741 1199 3783 D.
1352 3738 1390 3791 s)
1423 3750 1484 3781 m.
1531 3739 1587 3780 ab
1620 3750 1664 3780 u.
1697 3750 1742 3790 p.
1777 3739 1809 3779 f.
1843 3749 1884 3781 ο.
1916 3742 1996 3781 str.
2028 3738 2072 3779 A
2102 3737 2165 3778 ’8.
2314 3734 2351 3788 t)
2385 3747 2454 3777 ec-

214 3803 359 3845 clena
387 3802 431 3843 A
464 3803 505 3843 8.
640 3799 689 3853 u)
722 3801 755 3843 1.
789 3811 831 3842 e.
864 3803 1071 3840 mortuus
1102 3799 1144 3839 D
1181 3800 1219 3840 8.
1358 3796 1405 3851 v)
1438 3797 1895 3849 Sequentibidenque
1934 3799 1972 3839 Β
2009 3800 2054 3848 13
2098 3796 2204 3847 seq.
2239 3797 2455 3845 idemque

215 3860 260 3903 G
293 3862 332 3902 8.
365 3861 417 3911 83
479 3870 651 3900 erasum
682 3858 724 3900 G
753 3860 810 3910 43
873 3856 919 3900 S.
966 3862 1172 3909 tempore
1206 3857 1247 3899 G
1279 3856 1412 3899 δελ).
1433 3868 1469 3898 c.
1619 3854 1681 3909 w)
1713 3858 1825 3897 deese
1854 3858 1892 3898 B
1929 3859 1967 3897 1.
2116 3856 2167 3909 x)
2198 3855 2307 3895 deest
2337 3853 2380 3895 A
2414 3856 2453 3896 8.

211 3918 263 3973 y)
296 3920 407 3960 decet
451 3920 490 3959 Β
526 3920 568 3959 1.
705 3916 749 3970 ⁸)
781 3918 1009 3960 Balneum
1058 3916 1100 3958 G
1133 3917 1172 3957 8.
1207 3916 1285 3967 503
1330 3916 1696 3965 Balneoregium
1741 3916 1778 3956 F
1810 3915 1862 3966 63
1919 3915 2062 3965 Regis
2108 3915 2218 3955 decet
2262 3915 2304 3955 D
2342 3914 2380 3955 8.
2415 3912 2454 3952 8.

212 3977 260 4032 a)
293 3978 432 4022 Urbis
462 3978 504 4018 A
535 3974 597 4018 ’8.
634 3975 669 4018 C
703 3979 744 4021 1.
773 3976 811 4017 Ρ
846 3978 886 4019 1.
921 3974 1120 4024 (11-43
1151 3974 1275 4016 Urbe
1305 3975 1344 4014 Ε
1364 3977 1403 4015 1.
1440 3996 1492 4006 -
1524 3975 1674 4016 luctus
1704 3973 1746 4013 A
1777 3975 1826 4024 83
1858 3975 1991 4016 uenis
2020 3975 2062 4015 A
2092 3973 2133 4014 8.
2222 3971 2269 4025 b)
2299 3971 2457 4019 Magio

213 4037 258 4078 G
290 4038 332 4080 8.
362 4038 406 4079 4.
439 4037 478 4076 L
512 4037 555 4077 1.
687 4034 730 4088 c)
764 4035 977 4076 comitem
1025 4032 1066 4073 A
1100 4033 1159 4074 ’8.
1206 4033 1245 4074 Β
1280 4035 1320 4075 1.
1368 4033 1406 4073 F
1440 4034 1489 4082 13
1537 4033 1703 4074 comite
1736 4031 1776 4073 G
1811 4035 1859 4084 13
1909 4037 2156 4075 commutes
2186 4041 2300 4072 corr.
2337 4040 2453 4071 com-

212 4100 384 4139 mutem
418 4094 460 4136 G
490 4095 535 4136 4.
685 4092 730 4147 d)
761 4094 839 4134 λοο
866 4104 961 4144 cap.
996 4104 1075 4136 om.
1107 4092 1148 4133 A
1179 4088 1244 4132 ’4.
1276 4091 1315 4131 L
1349 4094 1390 4133 1.
1543 4089 1588 4143 e)
1622 4092 1671 4132 in
1701 4090 1733 4132 1.
1769 4103 1808 4133 e.
1841 4093 1926 4134 dee.
1960 4093 2003 4132 D
2035 4092 2086 4141 83
2119 4089 2218 4131 ord.
2250 4109 2304 4122 -
2336 4092 2451 4139 patr.

212 4157 297 4197 des.
332 4156 370 4195 B
405 4157 445 4197 1.
568 4151 607 4205 f)
639 4151 892 4203 Aquilegia
922 4152 960 4193 F
993 4154 1045 4202 13
1077 4150 1135 4201 qt‘.
1167 4160 1306 4200 supra
1331 4160 1380 4200 p.
1412 4149 1467 4191 88
1499 4160 1546 4191 n.
1579 4160 1625 4201 p.

218 4282 275 4350 1)
317 4283 397 4352 Cf.
437 4300 575 4353 quae
611 4292 804 4336 narrat
840 4282 1004 4335 Fred.
1038 4283 1218 4334 chron.
1258 4298 1299 4334 c.
1339 4282 1429 4333 45.
1592 4281 1649 4348 2)
1687 4280 1724 4331 ι’.
1765 4297 1809 4332 e.
1852 4280 2084 4344 Graecis,
2124 4287 2183 4330 ut
2222 4278 2261 4330 Ι
2268 4279 2325 4344 V,
2364 4280 2451 4330 47.

223 4357 319 4422 VI,
359 4359 449 4410 46.
526 4359 640 4410 ΒΕ.
790 4354 850 4424 3)
887 4356 1211 4423 Βαφηανεας
1255 4353 1479 4406 Ονυίεἰο.
