3042 4909
518 391 740 443 PAULI
778 390 1127 446 HISTORIA
1166 391 1839 446 LANGOBARDORUM.
1916 391 2059 445 LIB.
2101 393 2174 447 11.
2387 395 2488 446 105

247 557 656 626 vindicatura
699 559 957 643 exarsit,
1003 555 1466 646 consiliumque
1496 582 1652 626 mox
1681 569 1860 625 cuma
1900 557 2271 626 Helmechis
2283 562 2330 644 ὓ,
2379 562 2491 649 qui

247 643 421 728 regis
486 641 724 730 scilpor
740 654 784 726 ⁰,
844 641 968 708 hoc
1026 650 1121 707 est
1184 643 1464 730 armiger
1482 655 1526 726 ¹,
1585 652 1648 709 et
1690 642 2135 709 conlactaneus
2200 654 2353 728 erat,
2420 655 2492 710 ut

251 748 473 812 regem
535 726 979 810 interficeretd‚
1055 727 1214 792 iniit.
1281 725 1412 808 Qui
1473 728 1736 814 reginae
1798 728 2148 814 persuasit,
2216 739 2288 794 ut
2350 731 2491 817 ipsa

248 811 537 877 Peredeo
556 821 602 894 θ,
630 810 740 896 qui
770 819 906 876 erat
932 811 1069 875 virf
1095 809 1497 894 fortissimae,
1530 812 1597 875 in
1625 810 1746 877 hoc
1776 810 2112 877 consilium
2151 811 2426 881 adsciret
2440 826 2487 879 8.

248 893 538 961 Peredeo
583 916 732 960 cum
776 917 843 960 re
890 894 1035 961 inae
1080 893 1374 960 suadenti
1416 896 1622 960 tanti¹¹
1679 894 1857 961 nefas
1910 897 2323 961 consensum¹
2382 898 2489 963 ad·

248 977 471 1047 hibere
514 976 773 1061 nolletk,
823 980 837 995 ⁸
888 1001 928 1044 a
970 1000 1039 1044 se
1081 988 1277 1044 noctu
1319 979 1388 1043 in
1429 977 1663 1045 lectulo
1708 1001 1861 1044 suae
1890 979 2293 1063 vestiariae¹,
2341 1002 2491 1046 cum

246 1084 382 1212 {ua
410 1062 695 1129 Peredeo
724 1063 931 1149 stupri
971 1061 1541 1129 eonsuetudinemm
1584 1062 1881 1146 habebat,
1926 1085 2047 1150 sup
2098 1064 2289 1147 osuit3
2334 1064 2490 1130 ubi¹¹

305 1145 534 1213 eredeo
577 1168 712 1212 rem
754 1147 1008 1213 nescius
1051 1147 1332 1230 veniens,
1378 1168 1527 1212 cum
1569 1147 1794 1234 regina
1840 1085 2206 1214 coneuguit.
2297 1147 2490 1215 Cum·

251 1252 378 1317 que
421 1228 558 1295 illa⁰
603 1238 855 1317 patrato
899 1231 1028 1295 iam
1073 1229 1311 1297 scelere
1364 1228 1447 1295 ab
1479 1252 1556 1296 eo
1588 1241 1939 1330 quaereret,
1986 1253 2178 1319 quam
2210 1254 2278 1297 se
2308 1245 2487 1298 esse¹²

249 1314 708 1398 existimaretq,
753 1321 817 1380 et
857 1315 996 1401 ipse
1039 1335 1273 1380 nomen
1317 1336 1472 1380 suae
1502 1335 1765 1398 amicae,
1813 1337 2004 1402 quam
2034 1337 2171 1381 esse
2200 1317 2488 1402 putabat,

248 1399 660 1481 nominasset,
719 1397 942 1484 regina
999 1398 1358 1464 subiunxit:
1431 1397 1911 1486 ‘Nequaquamr
1982 1407 2055 1464 ut
2153 1408 2314 1483 utas,
2375 1400 2488 1466 sed

249 1503 374 1568 ego
428 1481 841 1549 Rosemunda
900 1485 1079 1565 sum’,
1143 1481 1372 1569 inquit.
1459 1479 1672 1548 ‘Certe
1697 1494 1719 1527 ⁸
1792 1504 1965 1548 nunc
2030 1491 2096 1548 ta
2119 1487 2258 1549 em‘
2332 1506 2487 1568 rem,

244 1565 552 1649 Peredeo,
610 1575 1041 1654 perpetratam
1084 1565 1301 1648 habos,
1359 1570 1470 1632 utu
1529 1576 1640 1632 aut
1681 1577 1753 1632 tu
1801 1564 2041 1632 Alboin
2083 1566 2424 1635 interficies
2444 1582 2491 1654 V,

248 1660 364 1717 aut
421 1650 559 1737 ipse
618 1661 680 1716 te
751 1672 867 1715 suo
934 1649 1149 1737 gladio
1207 1650 1541 1735 extinguet
1555 1654 1623 1716 ν’.
1725 1650 1911 1716 Tunc
1960 1648 2124 1715 illew
2182 1650 2492 1719 intellexit

249 1732 488 1799 malum
535 1733 709 1821 quod
765 1733 937 1816 fecit,
995 1742 1059 1800 et
1115 1735 1275 1821 qui¹
1320 1744 1549 1820 sponte
1604 1734 1913 1818 noluerat,
1970 1734 2131 1800 tali!
2190 1735 2381 1803 modo
2425 1738 2493 1802 in

250 1841 319 1885 re
370 1818 424 1882 is
467 1840 692 1884 necem
731 1828 990 1884 coactus
1040 1817 1340 1883 adsensit.
1424 1818 1652 1883 Tunc¹
1692 1818 2124 1896 Rosemunda,
2186 1819 2383 1884 dum⁸¹
2423 1844 2490 1887 se

247 1901 338 1967 Al
385 1901 493 1967 oin
521 1903 628 1966 inb
672 1901 937 1967 meridie
968 1903 1183 1989 sopori
1223 1901 1521 1984 dedisset,
1566 1923 1871 1989 magnum
1918 1904 1984 1967 in
2028 1902 2266 1990 palatio
2309 1903 2491 1972 silen-

250 1987 412 2052 tium
474 1986 614 2052 fieri
668 1986 1087 2135 praecilpiens,
1146 1986 1361 2051 omnia
1413 1984 1576 2050 alia⁰
1635 2008 1814 2052 arma
1871 1986 2280 2070 subtrahens,
2351 2011 2492 2087 spa·

250 2070 474 2136 tham⁶
529 2068 702 2135 illius
744 2071 827 2135 ad
893 2069 1085 2136 ectuli
1129 2078 1356 2156 caput,
1400 2091 1482 2135 ne
1526 2068 1661 2135 tolli
1703 2081 1816 2136 aut
1857 2071 2183 2156 evaginari
2275 2081 2430 2137 oss1t
2444 2083 2488 2155 ⁶,

248 2153 498 2220 fortiter
539 2151 916 2240 conligavit,
976 2162 1039 2219 et
1079 2155 1263 2219 iuxta
1322 2151 1695 2219 consiliumr
1735 2152 2067 2220 Peredeoc
2123 2154 2224 2220 He
2250 2156 2490 2221 mechis

248 2237 716 2304 interfectorem
776 2239 948 2304 omni
990 2237 1197 2305 bestia
1239 2236 1558 2303 crudelior
1599 2237 2014 2304 introduxit².
2107 2236 2346 2303 Alboin
2388 2260 2489 2304 su-

251 2444 299 2498 a)
332 2447 442 2487 deest
473 2446 513 2487 A
547 2448 587 2488 1.
710 2443 757 2499 b)
791 2446 1045 2487 Helmichis
1078 2444 1117 2485 A
1149 2446 1187 2487 8.

1220 2445 1261 2486 8.
1300 2443 1341 2486 6.
1374 2444 1410 2486 0
1445 2446 1486 2487 1.
1517 2444 1560 2486 8.
1593 2444 1665 2484 eb.
1696 2444 1741 2484 D
1762 2446 1800 2484 1.
1835 2447 1902 2486 10..
1940 2444 1962 2484 1
1993 2447 2031 2486 1.
2064 2443 2204 2495 L1?;
2234 2445 2490 2488 Helchimis

251 2505 294 2547 A
327 2506 380 2556 8,
411 2505 655 2547 Helmicisi
683 2505 721 2546 F
755 2507 797 2550 1.
830 2502 901 2555 ’1,
943 2504 1200 2555 Helmtgiso
1234 2503 1274 2545 G
1308 2505 1348 2547 1.
1382 2505 1432 2553 8,

1478 2503 1686 2544 Helmiso
1728 2514 1840 2545 corr.
1884 2503 2141 2553 Helmtgiso
2173 2504 2214 2547 G
2246 2506 2298 2555 4,
2343 2505 2492 2547 Elma-

253 2566 352 2607 chis
384 2565 426 2605 D
463 2566 502 2607 8.
537 2560 628 2607 ⁶8⁸.
664 2566 743 2614 103
773 2564 997 2605 Elmichis
1029 2564 1128 2605 A4.
1160 2564 1199 2605 B
1219 2566 1258 2603 1.
1295 2563 1333 2605 8.
1364 2563 1468 2605 De.
1501 2562 1597 2604 Fe.
1630 2562 1669 2601 L
1702 2563 1752 2612 8,
1785 2562 2062 2602 Elmechisis
2094 2563 2132 2604 Ε
2168 2565 2210 2604 1.
2302 2562 2343 2616 c)
2377 2565 2491 2616 scyl-

250 2634 339 2675 μοι·
367 2623 405 2664 F
441 2626 478 2665 1.
512 2620 572 2663 ’1.
608 2622 649 2665 G
682 2625 731 2674 1,
763 2623 967 2674 scilphor
997 2622 1032 2665 Ο
1067 2624 1108 2666 8.
1138 2623 1177 2663 Ε
1211 2625 1250 2663 1.
1286 2620 1326 2662 G
1359 2620 1436 2672 δα,
1468 2620 1685 2673 scylphor
1717 2620 1844 2663 be.
1866 2630 1914 2671 ο,
1946 2621 2119 2672 scylt'or
2146 2622 2170 2663 1
2204 2623 2255 2672 8,
2287 2623 2493 2675 sclylpor

253 2682 296 2725 G
328 2683 370 2725 8.
402 2684 455 2732 4,
486 2683 672 2733 sciphor
700 2683 744 2722 D
779 2682 838 2723 1¹?
879 2682 1025 2732 snper
1056 2682 1093 2723 A
1127 2681 1171 2724 4.
1202 2683 1238 2722 F
1274 2682 1322 2731 8,
1369 2681 1543 2732 sclipor
1574 2679 1609 2723 C
1640 2680 1692 2730 53
1737 2681 1914 2732 scirpor
1944 2679 1985 2720 A
2017 2680 2064 2731 ὁ,
2110 2682 2341 2733 scultporo
2376 2681 2416 2723 G
2450 2684 2489 2724 8.

251 2741 299 2794 d)
332 2740 593 2783 interficere
638 2743 677 2782 A
711 2742 750 2782 8.
799 2742 837 2781 F
871 2742 909 2785 1.
940 2738 1002 2783 ’1.
1155 2738 1199 2791 e)
1231 2739 1487 2781 Pei-odeum
1534 2740 1577 2779 D
1611 2740 1650 2779 8.
1699 2738 1739 2781 G
1774 2741 1813 2781 1.
1850 2741 1890 2791 8,
1922 2739 2014 2782 alit.
2166 2738 2202 2791 f)
2234 2741 2346 2781 deest
2380 2740 2416 2782 0
2450 2742 2489 2784 1.

251 2799 300 2853 g)
335 2802 458 2841 adso.
490 2811 602 2843 corr.
635 2799 872 2842 affectaret
901 2800 937 2841 F
972 2801 1013 2841 1.
1134 2796 1183 2851 h)
1216 2800 1326 2839 deest
1357 2798 1398 2839 A
1434 2801 1479 2849 1,
1512 2802 1690 2839 tantum
1722 2797 1821 2841 Ae.
1853 2798 1892 2841 6.
1924 2798 1966 2838 D
1986 2800 2025 2840 8.
2061 2799 2101 2843 8.
2134 2799 2175 2842 5.
2209 2799 2249 2841 G
2280 2801 2322 2841 4.
2355 2799 2492 2842 bah.

252 2860 276 2900 1
310 2861 350 2900 1.
386 2860 438 2909 8,
484 2861 581 2902 tale
611 2859 649 2900 F
682 2859 724 2901 ὃ.
876 2856 911 2910 ἰ)
945 2868 1134 2900 consum
1165 2859 1202 2898 F
1236 2860 1276 2898 1.
1307 2854 1378 2907 ’1,
1424 2868 1612 2899 sensum
1659 2856 1700 2899 G
1736 2859 1756 2897 1
1809 2858 1850 2909 8,
1897 2869 2011 2903 corr.
2058 2867 2333 2901 consensum
2366 2853 2407 2901 G
2438 2860 2491 2909 4,

253 2928 495 2960 assensum
527 2917 569 2960 G
599 2920 641 2960 8.
772 2915 821 2969 k)
854 2918 982 2959 nolet
1023 2917 1058 2958 G
1092 2919 1129 2957 1.
1161 2918 1200 2958 E
1235 2918 1285 2967 1,
1328 2917 1475 2958 noluit
1504 2917 1558 2958 F.
1593 2914 1649 2968 G,
1680 2927 1795 2959 corr.
1828 2917 2053 2958 noluisset
2092 2917 2129 2957 F
2164 2920 2203 2969 1,
2235 2923 2272 2958 et
2303 2919 2365 2958 ita
2396 2918 2419 2957 1
2453 2919 2492 2960 8.

253 2977 291 3030 1)
324 2978 522 3019 vestiare
553 2977 594 3018 A
628 2978 668 3020 1.
818 2973 882 3028 m)
915 2976 1248 3018 consuetudine
1291 2976 1328 3016 F
1363 2977 1403 3016 1.
1555 2971 1603 3026 n)
1636 2975 1716 3016 ubi
1764 2997 1816 3007 —
1864 2977 2113 3017 concubuit
2153 2976 2237 3017 des.
2273 2976 2314 3019 G
2349 2977 2388 3017 8.
2423 2978 2492 3020 80..

253 3035 301 3089 o)
333 3036 444 3077 deest
479 3035 519 3077 G
553 3038 590 3080 1.
630 3036 670 3078 8.
820 3033 870 3087 p)
902 3038 1026 3076 esset
1067 3035 1104 3075 F
1140 3036 1179 3077 1.
1333 3033 1380 3085 q)
1414 3034 1659 3076 extimat-et
1702 3033 1743 3074 A
1779 3036 1827 3086 1,
1876 3033 2182 3088 (a)estimaret
2224 3036 2275 3078 F.
2312 3034 2366 3088 G,
2398 3036 2491 3078 alii.

253 3091 293 3147 r)
326 3106 465 3146 quam
495 3097 547 3135 ut
584 3114 627 3125 -··
664 3094 821 3144 inquit
848 3095 934 3135 des.
966 3094 1004 3134 F
1036 3090 1099 3135 ’1.
1221 3091 1261 3145 s)
1296 3094 1346 3135 Ο.
1379 3097 1425 3135 te
1456 3103 1581 3134 nunc
1613 3093 1654 3133 A
1685 3093 1736 3143 8,
1769 3094 1920 3136 Cerne
1953 3090 2067 3136 0·1.
2188 3093 2223 3146 t)
2256 3095 2367 3135 deest
2399 3095 2433 3136 C
2453 3096 2492 3135 1.

253 3153 304 3206 ιι)
336 3155 447 3195 deest
480 3153 521 3194 G
557 3154 595 3194 8.
643 3174 695 3185 —
744 3156 825 3195 aut
854 3154 963 3193 deest
992 3153 1030 3192 F
1063 3150 1122 3195 ’1.
1157 3150 1198 3193 G
1229 3152 1271 3194 8.
1304 3153 1348 3194 4.
1515 3150 1563 3203 v)
1596 3151 1879 3193 interficeres
1923 3163 2037 3195 corr.
2086 3154 2335 3195 interficies
2367 3154 2406 3195 A
2442 3155 2494 3204 8,

252 3213 526 3254 interficeris
559 3212 595 3254 0
628 3208 688 3254 ’1.
719 3212 763 3254 D
799 3215 844 3262 1,
892 3211 1124 3253 inter-ficos
1170 3211 1207 3251 F
1242 3213 1280 3252 1.
1316 3208 1384 3261 ’1,
1429 3210 1653 3252 interficis
1686 3211 1721 3252 G
1758 3212 1803 3261 1,
1856 3211 2107 3253 interficias
2153 3213 2195 3252 D
2232 3215 2271 3256 8.
2310 3212 2350 3254 8.
2383 3213 2420 3254 F
2453 3213 2494 3257 5.

257 3271 298 3314 G
328 3272 403 3314 ab.
442 3294 495 3304 —
542 3272 774 3320 extinguit
802 3272 840 3312 F
876 3273 913 3313 1.
949 3266 1023 3321 ’1,
1069 3270 1278 3321 extinoeet
1311 3269 1345 3311 C
1380 3270 1428 3320 1,
1474 3270 1716 3319 extinguat
1747 3269 1782 3311 Ο
1816 3271 1855 3312 8.
1890 3271 1932 3310 D
1967 3270 2009 3314 8.
2040 3271 2078 3310 F
2113 3271 2153 3312 ὁ.
2290 3267 2352 3322 w)
2384 3272 2494 3312 deest

253 3330 364 3381 A83
394 3331 478 3372 int.
510 3331 594 3371 ille
627 3329 727 3372 G8.
847 3327 898 3382 x)
929 3329 1042 3380 quid
1071 3328 1108 3369 F
1138 3330 1179 3372 1.
1300 3326 1349 3380 y)
1381 3329 1474 3369 tale
1505 3329 1543 3368 F
1563 3330 1602 3370 1.
1638 3326 1679 3369 G
1699 3329 1738 3367 1.
1861 3325 1905 3380 z)
1938 3329 2056 3369 Tum
2089 3328 2128 3369 A
2148 3330 2189 3369 2.
2312 3328 2357 3381 a)
2392 3340 2494 3371 cum

257 3388 314 3432 G.
346 3390 369 3429 1
403 3392 442 3432 1.
475 3390 515 3430 L
549 3391 588 3432 1.
709 3386 759 3441 b)
791 3389 938 3430 delevit
967 3388 1081 3439 1313
1113 3399 1194 3427 om.
1227 3387 1268 3428 A
1288 3388 1328 3429 8.
1362 3387 1404 3430 8.
1436 3388 1565 3427 ceteri
1593 3387 1650 3428 D.
1684 3387 1735 3427 F.
1770 3384 1825 3429 G.
1859 3388 1881 3428 1
1901 3389 1940 3439 1,
1973 3388 2066 3428 alii.
2105 3408 2154 3418 —
2190 3387 2495 3438 Frumentum

254 3448 292 3489 F
326 3446 387 3492 ’1.
417 3449 484 3489 hic
514 3448 686 3489 desinit.
823 3445 866 3499 c)
899 3447 1058 3488 aliena
1087 3445 1128 3487 A
1160 3442 1231 3498 ’8,
1261 3447 1373 3486 deest
1405 3444 1446 3487 G
1478 3445 1520 3487 8.
1555 3447 1597 3486 4.
1627 3445 1667 3485 L
1702 3446 1741 3486 1.
1876 3443 1922 3497 d)
1954 3446 2017 3486 ita
2048 3445 2089 3486 A
2122 3448 2172 3495 1,
2204 3450 2384 3496 spatam
2409 3447 2495 3496 ple-

252 3507 377 3558 rique
407 3508 500 3549 alii.
623 3504 667 3559 e)
699 3509 856 3558 posset
887 3505 923 3547 O
957 3507 997 3548 1.
1034 3506 1071 3546 8.
1107 3507 1148 3546 D
1183 3507 1223 3549 8.
1258 3505 1299 3554 8,
1330 3505 1426 3545 alii.
1551 3502 1587 3556 f)
1619 3504 1814 3544 consilio
1846 3505 1881 3545 F
1900 3506 1941 3546 1.
2062 3503 2109 3557 g)
2141 3504 2349 3545 Peredeo
2380 3516 2494 3549 corr.

252 3566 450 3608 Pel-edei
481 3567 524 3606 D
560 3568 605 3616 1,
649 3566 846 3607 Pei-edet
891 3563 933 3606 A
964 3562 1027 3607 ’8.
1063 3564 1105 3607 8.
1136 3565 1178 3606 4.
1219 3564 1261 3604 D
1294 3560 1354 3605 ’8.
1388 3564 1430 3604 4.
1467 3564 1508 3605 6.
1543 3562 1584 3605 G
1619 3564 1658 3605 1.
1694 3561 1765 3604 ba.
1788 3563 1831 3606 b.
1865 3563 1889 3603 1
1924 3564 1962 3603 1.
1998 3563 2049 3614 8,
2094 3562 2402 3612 Helmigisum
2435 3563 2498 3603 vel

250 3625 569 3667 Elmechlsum
604 3623 646 3666 G
664 3626 802 3675 1-4,
832 3623 1088 3665 Peredeum
1119 3627 1167 3664 et
1196 3622 1417 3663 Elmichis
1447 3621 1767 3663 interfectores
1799 3632 1820 3661 e
1849 3633 1961 3662 corr.
1979 3621 2016 3661 F
2037 3623 2075 3673 1,
2108 3625 2145 3660 et
2175 3621 2238 3661 aa
2268 3622 2305 3661 F
2324 3623 2364 3663 8.
2384 3621 2425 3664 8.
2446 3622 2495 3672 4,

252 3684 451 3726 Pel-edei
493 3687 540 3725 et
568 3684 720 3725 Helm.
754 3684 795 3725 A
827 3683 868 3725 ὁ.
901 3684 953 3735 Β,
996 3682 1316 3723 interfectores
1347 3681 1385 3722 L
1420 3683 1470 3731 1,
1514 3682 1647 3722 iuxta
1692 3681 1938 3722 consilium
1981 3680 2247 3721 Helmechis
2289 3681 2496 3723 Peredco

252 3752 365 3784 corr.
399 3744 464 3786 ed.
496 3743 624 3784 Lina.

258 3909 317 3980 1)
359 3909 441 3979 Os.
484 3910 653 3963 Gloss.
693 3909 869 3979 Lanq.
907 3908 1023 3962 LL.
1064 3909 1169 3974 IV,
1204 3926 1260 3976 p.
1301 3909 1426 3962 656.
1577 3907 1635 3977 2)
1678 3907 1828 3972 Quae
1865 3907 2072 3961 Paulus
2111 3907 2189 3959 ita
2233 3905 2498 3976 Oriyinem

254 4000 477 4052 sequens
536 3983 703 4036 tradit
759 4000 877 4036 cum
933 3983 1354 4036 antecedentibus
1402 3998 1671 4050 pugnare,
1728 3980 2066 4048 manifestum
2122 3988 2214 4033 est.
2321 3979 2497 4043 Quare

254 4057 353 4111 alii
390 4065 586 4110 textum
625 4056 883 4126 corriyere
921 4057 1098 4109 conati
1134 4061 1273 4109 sunt.
1315 4083 1379 4094 —
1408 4055 1681 4123 Aqnellus,
1722 4063 1769 4108 et
1807 4055 1920 4121 ipse
1959 4052 2293 4107 traditionem
2320 4071 2497 4121 popu·

252 4131 419 4185 larem
457 4138 681 4195 secutus,
732 4129 1025 4183 Per-edeam
1076 4127 1288 4181 omnino
1324 4129 1551 4197 iqnorat,
1604 4134 1651 4181 et
1698 4144 1835 4195 quae
1886 4128 2092 4180 Paulus
2143 4125 2209 4179 de
2245 4126 2493 4191 Per-adeo,

248 4203 506 4273 Aqnellus
533 4204 713 4257 omnia
738 4203 804 4256 de
828 4202 1114 4270 Hebmiqiso
1143 4200 1308 4253 tradit
1319 4218 1340 4264 ‚⁰
1375 4200 1434 4252 id
1471 4201 1614 4268 quod
1640 4199 1816 4253 verius
1854 4201 2082 4254 videtur.
2121 4201 2236 4252 BE.
2313 4200 2495 4253 Minue

246 4286 387 4332 recte
442 4293 565 4329 vero
605 4276 904 4330 Bethmcmn
952 4283 1177 4343 propter
1235 4271 1487 4327 sermonis
1545 4273 1888 4328 rusticitatem
1944 4274 2038 4327 hoc
2096 4274 2386 4341 capitulum
2424 4289 2488 4328 en

247 4350 498 4413 Secundo
537 4358 764 4403 sumtum
788 4349 1042 4417 putabat.
