3042 4909
517 398 739 451 PAULI
777 397 1126 451 HISTORIA
1164 398 1839 453 LANGOBARDORUM.
1911 398 2055 454 LIB.
2096 401 2161 452 V.
2381 402 2483 454 18¹1

244 564 398 649 quia
425 584 494 628 re
544 563 651 626 ina
668 571 695 605 ⁸
735 562 1048 649 quaedam
1104 566 1226 631 exb
1269 564 1394 629 alia
1450 565 1781 650 provincia
1826 566 2090 631 veniens
2154 564 2487 631 basilicam

244 646 416 712 beati
527 645 792 711 ohannis
871 647 954 712 ba
1001 647 1188 713 tistae
1262 650 1330 713 in
1400 646 1973 734 Langobardorum
2037 649 2271 715 finibus
2338 671 2484 715 con-

238 731 507 812 struxit,
574 739 638 794 et
675 739 937 816 propter
1025 751 1101 794 oc
1142 731 1281 830 ipse
1323 732 1550 797 beatus
1589 731 1909 797 Iohannes
1952 740 2071 819 pro
2112 732 2478 819 Langobar-

238 812 469 877 dorum
518 823 709 911 gente
727 826 751 857 ⁰
808 814 1105 878 continue
1162 813 1517 880 intercedit.
1623 817 1855 882 Veniet
1917 824 2132 882 autem
2196 826 2471 903 tempus,

239 896 498 982 quando
541 896 780 1044 lpsud‘l
837 895 1163 961 oraculum
1211 897 1551 964 habebitur
1599 898 1949 986 despectui,
2006 909 2070 964 et
2110 909 2264 965 tunc
2312 921 2471 985 gens

238 980 382 1065 ipsa
423 980 563 1065 peri
610 980 660 1044 it
677 982 739 1043 θ’.
828 979 1020 1060 Quod
1061 1002 1178 1045 nos
1221 982 1311 1046 ita
1353 981 1596 1046 factum
1640 983 1818 1047 esser
1860 983 2306 1070 probavimuS,
2362 984 2475 1071 qui

238 1072 388 1127 ante
451 1062 1023 1149 Langobardorum
1086 1064 1509 1150 perditionem
1578 1066 1847 1131 eandem
1901 1064 2072 1131 beati
2088 1078 2118 1121 8
2171 1066 2475 1132 Iohannis

241 1145 599 1229 basilicam,
657 1168 820 1233 quae
864 1147 1083 1234 utique
1128 1148 1196 1211 in
1236 1147 1378 1213 loco
1425 1150 1537 1234 qui
1577 1148 1861 1214 Modicia
1913 1148 2147 1214 dicitur
2188 1160 2286 1216 est
2329 1170 2477 1215 con·

238 1229 462 1293 stituta
476 1279 491 1310 ,
544 1251 662 1315 per
701 1228 859 1295 viles
901 1251 1205 1316 personas
1251 1231 1531 1297 ordinari
1574 1233 2060 1319 conspeximus,
2116 1234 2207 1297 ita
2257 1241 2329 1298 ut
2384 1234 2478 1297 in-

240 1310 457 1396 dignis
510 1322 575 1377 et
636 1312 938 1377 adulteris
990 1335 1121 1378 non
1173 1336 1290 1399 pro
1342 1315 1512 1379 vitae
1567 1316 1814 1396 merit0,
1875 1316 1989 1380 sed
2043 1317 2477 1402 praemiorum

234 1393 495 1460 datione
520 1398 548 1438 ¹¹
610 1394 858 1460 isdem¹¹
900 1395 1080 1461 locus
1122 1396 1504 1463 venerabilis
1548 1397 1903 1485 largiretur.

408 1480 465 1544 7.
551 1444 760 1565 lgitur
788 1501 954 1564 cum,
988 1489 1059 1545 ut
1086 1480 1387 1564 diximus,
1439 1481 1757 1547 Constans
1788 1489 2097 1568 augustus
2127 1482 2476 1547 Tarentum

235 1563 533 1645 venisset,
602 1585 895 1648 egressus
970 1563 1201 1630 exinde
1213 1565 1249 1647 ¹,
1325 1565 1924 1630 Beneventanorum
2002 1564 2160 1631 fines
2244 1566 2479 1630 invasit

236 1665 585 1730 omnesque
639 1668 803 1732 pene
860 1668 979 1733 per
1037 1669 1196 1734 quas
1255 1657 1518 1713 venerat
1566 1648 2138 1735 Langobardorum
2191 1649 2475 1714 civitates

234 1728 429 1815 cepit.
535 1729 873 1795 Luceriam
891 1731 920 1772 ¹⁸
987 1752 1271 1829 quoque,
1353 1753 1389 1796 o
1438 1730 1720 1797 ulentam
1785 1732 2064 1819 Apuliae
2130 1732 2474 1814 civitatem,

234 1820 673 1911 expugnatam
737 1812 962 1878 fortius
1004 1813 1316 1879 invadens
1371 1753 1601 1898 diruit,
1646 1815 1761 1880 ad¹
1820 1814 2025 1880 solum
2082 1836 2285 1901 usque
2328 1836 2472 1901 pro·

233 1902 477 1959 stravit.
583 1895 990 1981 Agerentiam
1045 1919 1194 1963 sane
1258 1909 1523 1996 propter
1578 1898 2071 1965 munitissimam
2121 1897 2245 1963 loci
2303 1900 2473 1984 posi-

233 1976 472 2044 tionem
517 2000 745 2064 capere
789 1978 1052 2045 minime
1095 1990 1324 2068 potuit.
1410 1981 1666 2047 Deinde
1710 2004 1858 2047 cum
1914 1982 2089 2046 omni
2131 2002 2247 2045 suo
2292 2002 2474 2046 exer·

233 2060 363 2123 citu
393 2061 830 2127 Beneventum
875 2063 1295 2128 circumdedit
1336 2072 1400 2129 et
1448 2085 1590 2129 eam
1645 2064 2054 2130 vehementer
2097 2085 2469 2162 expugnare

231 2144 472 2229 coepit3
528 2144 640 2210 ubi
695 2153 850 2210 tunc
902 2145 1217 2211 Romuald
1234 2159 1280 2229 ¹¹,
1365 2145 1727 2212 Grimualdi
1797 2146 1967 2212 filius
2009 2145 2218 2211 adhuc
2291 2168 2467 2211 mve-

379 2339 588 2376 suorum
625 2325 975 2377 facultatibus
1013 2328 1070 2377 in
1120 2325 1319 2378 honore
1357 2326 1578 2380 Domini
1617 2330 1670 2376 et
1723 2326 1900 2376 sancti
1938 2325 2193 2377 Iohannis
2231 2322 2466 2393 baptiste

379 2398 523 2448 omni
558 2403 796 2465 tempore
833 2400 891 2449 in
929 2399 1015 2449 die
1054 2400 1351 2450 nativitatis
1382 2414 1477 2450 sue
1517 2398 1671 2449 offert
1708 2399 1779 2448 ad
1817 2399 1991 2464 ipsum
2029 2397 2304 2449 oraculum
2342 2398 2465 2450 loco

377 2472 468 2536 qui
506 2471 562 2521 in
610 2470 885 2522 Modoetia
941 2470 1152 2524 dicitur.
1225 2473 1366 2524 Vere
1416 2476 1597 2522 tamen
1645 2469 1747 2521 tibi
1798 2469 1992 2521 dicturi
2040 2485 2219 2521 sumus
2257 2470 2314 2520 in
2353 2470 2464 2521 Do·

374 2542 547 2594 mino:
585 2545 768 2595 veniet
803 2549 981 2595 autem
1031 2549 1238 2610 tempus
1279 2549 1333 2594 et
1384 2545 1516 2606 dies,
1578 2542 1791 2609 quando
1840 2543 2012 2610 ipsum
2065 2558 2227 2609 supra
2265 2557 2465 2593 memo·

373 2620 548 2667 ratum
578 2616 851 2668 oraculum
889 2632 1072 2667 omnes
1111 2616 1437 2668 habitatores
1488 2621 1628 2667 terre
1676 2615 1831 2667 huius
1870 2615 2146 2666 habebunt
2185 2614 2466 2682 despectui

373 2693 429 2739 et
465 2704 647 2741 omnes
700 2691 815 2741 eius
860 2689 1145 2741 facultates
1200 2689 1325 2740 inde
1379 2688 1665 2754 expellent,
1720 2693 1776 2739 et
1830 2687 2056 2739 famulos
2112 2703 2177 2738 ac
2221 2686 2467 2752 famulas,

373 2761 467 2827 qui
490 2761 568 2812 ibi
606 2763 836 2813 subiecti
864 2767 1001 2825 sunt,
1042 2767 1258 2830 propter
1294 2761 1580 2813 facultates
1620 2776 1802 2813 eorum
1828 2775 1956 2827 sepe
1995 2760 2238 2825 affligent
2268 2776 2375 2823 eos,
2416 2766 2469 2813 et

372 2833 700 2898 sacerdotes,
739 2837 832 2901 qui
855 2835 933 2885 ibi
972 2835 1293 2898 deserviunt,
1333 2834 1421 2885 die
1447 2849 1513 2885 ac
1544 2840 1704 2885 nocte
1743 2833 1971 2899 inquieti
2010 2839 2165 2885 erunt
2200 2833 2374 2897 nimis,
2416 2838 2469 2884 et

373 2905 676 2958 auferentur
715 2922 817 2973 que
856 2907 1065 2959 illorum
1105 2913 1243 2960 sunt.
1320 2908 1545 2974 Propter
1583 2908 1685 2958 hec
1738 2908 1966 2958 ducetur
2000 2908 2113 2958 vita
2161 2905 2373 2957 illorum
2411 2906 2467 2956 in

371 2979 739 3032 amaritudine.
800 2980 1025 3042 Quando
1046 2980 1148 3031 hec
1167 2981 1573 3043 inchoabuntur,
1603 2985 1657 3032 et
1672 2995 1769 3031 vos
1790 2980 2020 3031 cernetis
2040 2980 2143 3030 hec
2163 2978 2296 3042 fieri,
2321 2983 2465 3030 certe

369 3057 497 3103 tunc
517 3054 635 3120 ipsa
653 3068 788 3118 gens
821 3053 1016 3120 peribit
1050 3069 1169 3104 cum
1203 3054 1444 3106 omnibus
1465 3067 1569 3119 que
1604 3052 1674 3104 ad
1693 3052 1815 3104 illos
1849 3054 2131 3120 pertinent,
2163 3057 2216 3103 et
2249 3051 2466 3104 stabunt

367 3125 424 3174 in
461 3125 837 3193 improperium
877 3126 1118 3178 omnibus
1163 3127 1428 3192 gentibus,
1482 3141 1587 3193 que
1641 3128 1696 3177 in
1749 3126 1973 3177 circuitu
2019 3125 2229 3177 illorum
2288 3123 2461 3176 sunt”.

367 3196 441 3248 Et
479 3197 614 3249 dixit
652 3199 722 3249 ad
756 3214 846 3250 eos
885 3198 1183 3250 solitarius:
1227 3198 1482 3251 ‘Obsecro
1524 3198 1862 3250 elementiam
1898 3202 2148 3261 vestram,
2186 3198 2377 3262 sancti,
2415 3198 2463 3248 si

373 3271 615 3321 conversi
653 3276 778 3322 sunt
815 3269 885 3320 ad
922 3273 1251 3338 superiorem
1300 3271 1705 3337 promissionem
1742 3270 1973 3332 illorum,
2029 3270 2272 3335 nunquid
2309 3270 2458 3321 inve-

369 3344 521 3393 nient
556 3342 998 3409 indulgentiam’?
1036 3344 1108 3394 Et
1146 3344 1392 3395 dixerunt
1418 3342 1489 3393 ad
1528 3342 1705 3393 illum:
1746 3342 1902 3404 ‘Scis,
1942 3356 2044 3407 que
2071 3343 2269 3392 veritas
2296 3341 2458 3392 dixit:

366 3414 793 3466 “convertimini
849 3416 919 3466 ad
969 3431 1072 3479 me,
1128 3420 1183 3466 et
1234 3431 1335 3481 ego
1395 3420 1674 3466 convertar
1729 3413 1798 3464 ad
1835 3413 1982 3466 vos’‘.
2077 3413 2285 3464 Eadem
2328 3413 2461 3464 hora
2479 3419 2615 3462 zach.
2630 3422 2669 3474 1,
2688 3420 2732 3463 8.

369 3502 631 3553 nusquam
669 3494 1094 3556 comparuerunt.
1171 3488 1341 3539 Facto
1374 3493 1552 3539 autem
1580 3500 1754 3550 mane,
1791 3487 1868 3536 ita
1895 3485 2071 3536 eidem
2106 3486 2458 3538 Constantino

369 3565 614 3625 auguste,
652 3566 711 3612 ut
747 3577 909 3628 supra
947 3562 1200 3628 scriptum
1241 3565 1337 3622 est,
1375 3576 1472 3627 per
1509 3558 1749 3611 ordinem
1803 3557 2089 3623 diligenter
2124 3559 2182 3607 in
2214 3558 2458 3609 omnibus

366 3631 642 3684 revelavit.
717 3634 867 3685 Tunc
903 3635 1192 3701 imperator
1228 3632 1578 3685 libentissime
1614 3632 1851 3699 suscepit
1887 3631 2052 3683 verba
2092 3630 2224 3683 eius.
2300 3630 2457 3693 Quod

367 3719 465 3756 nos
501 3705 581 3756 ita
608 3704 811 3757 factum
849 3713 944 3759 etc.

216 3874 263 3928 a)
296 3876 507 3926 recinam
536 3876 573 3916 1³
608 3878 647 3918 1.
767 3876 814 3928 b)
849 3888 1008 3920 eorum
1039 3878 1082 3918 A
1113 3876 1153 3917 8.
1278 3874 1321 3929 e)
1352 3878 1539 3927 gentem
1570 3875 1606 3916 G
1636 3875 1712 3920 4b.
1742 3876 1785 3915 D
1820 3876 1860 3917 1.
1895 3876 1936 3919 2.
1982 3874 2023 3916 G
2054 3875 2095 3915 8.
2127 3874 2171 3914 4.
2206 3896 2259 3906 -
2289 3874 2459 3915 finibus

218 3938 253 3979 0
289 3938 330 3977 1.
368 3957 420 3966 -
453 3935 670 3977 continuo
702 3935 743 3976 A
769 3937 809 3977 2.
950 3934 995 3987 d)
1023 3936 1086 3976 ita
1119 3935 1153 3977 Ο
1186 3932 1247 3977 ’1.
1284 3937 1325 3977 1.
1358 3935 1395 3974 F
1429 3936 1468 3976 1.
1502 3934 1555 3977 G.
1587 3934 1750 3985 Nam-3
1797 3934 1922 3975 istud
1952 3933 1993 3975 A
2025 3930 2100 3984 ‘8,
2131 3934 2285 3983 ipsum
2314 3932 2454 3972 ceteri.

215 3992 261 4047 e)
293 3992 436 4043 periit
465 3994 502 4033 F
527 3995 578 4044 13
609 3994 760 4044 periet
787 3995 825 4035 P
855 3995 898 4035 4.
933 3994 991 4035 G.
1022 3994 1046 4034 1
1080 3996 1119 4035 2.
1239 3991 1277 4045 f)
1310 3995 1420 4034 decet
1448 3994 1489 4034 A
1520 3990 1586 4034 ·8.
1707 3990 1754 4045 g)
1788 3994 1935 4034 sancti
1965 3992 2002 4034 F
2033 3992 2077 4032 4.
2113 3992 2176 4040 G?
2208 3991 2319 4030 deest
2352 3988 2454 4032 Α8.

212 4050 263 4105 h)
297 4051 531 4092 dationem
565 4050 599 4092 Ο
633 4054 672 4092 1.
707 4073 760 4084 -
792 4053 972 4093 hisdem
1003 4051 1044 4092 A
1074 4050 1135 4094 ·2.
1168 4054 1207 4094 n
1228 4055 1268 4094 1.
1301 4053 1396 4093 1¹4.
1430 4050 1617 4093 G1—4.
1708 4050 1743 4103 i)
1776 4051 1884 4093 inde
1916 4048 2031 4093 O’l.
2067 4051 2108 4091 1.
2201 4047 2250 4100 k)
2281 4048 2455 4089 Lucer-

212 4120 324 4153 nam
356 4108 438 4150 As
474 4110 606 4164 (corr.
637 4107 922 4161 Luceriam).
953 4112 991 4152 B
1012 4113 1049 4153 1.
1071 4113 1141 4153 la.
1177 4113 1220 4153 2.
1250 4112 1293 4151 D
1328 4110 1439 4165 (12).
1475 4110 1513 4151 G
1535 4112 1574 4152 8.
1696 4109 1732 4162 1)
1766 4111 1807 4150 d.
1841 4120 1870 4150 a
1900 4120 1937 4153 s.
1968 4110 2045 4150 1¹1
2083 4107 2149 4161 (et
2171 4111 2272 4157 pose
2304 4104 2454 4158 adm),

219 4170 263 4212 d.
296 4177 351 4208 ac
381 4179 417 4208 s.
452 4167 493 4208 A
527 4169 565 4209 Β.
600 4170 638 4209 Β
676 4171 710 4209 1.
746 4168 786 4209 G
820 4170 958 4220 1-83
990 4170 1140 4220 adque
1172 4170 1230 4211 ad
1264 4169 1369 4219 G8;
1404 4174 1449 4210 et
1478 4169 1538 4209 ad
1568 4168 1705 4211 ceteri.
1827 4166 1892 4219 m)
1923 4166 2228 4217 Agerentiam
2260 4163 2301 4204 A
2334 4165 2373 4207 8.
2408 4165 2452 4205 6.

210 4229 250 4269 Ε
287 4228 326 4269 1.
372 4227 409 4266 Ρ
441 4227 482 4270 4.
515 4227 568 4277 53
615 4227 838 4276 Agrentia
886 4228 926 4269 G
962 4230 1009 4278 1;
1057 4227 1324 4277 Agrootlam
1368 4239 1480 4270 corr.
1528 4226 1726 4276 Agentia
1768 4225 1809 4267 G
1840 4226 1891 4276 83
1939 4225 2186 4267 Arenciam
2220 4222 2274 4276 (2)
2313 4223 2348 4265 Ο
2381 4219 2455 4272 ‘13

209 4284 364 4326 Aritla
396 4284 432 4326 Ο
466 4286 504 4327 1.
539 4287 582 4337 2,
625 4296 739 4327 corr.
771 4291 819 4326 ut
849 4287 1016 4327 videtur
1046 4286 1342 4328 Acerentiam
1386 4288 1429 4327 D
1466 4289 1504 4336 1,
1551 4291 1589 4325 οε
1619 4286 1681 4327 ιἐα
1712 4285 1791 4325 alit·
1819 4286 1888 4334 D3
1936 4284 2176 4326 Arentiam
2207 4282 2231 4322 1
2268 4283 2307 4334 1,
2338 4292 2456 4323 corr.

209 4342 513 4394 Ager-entiam
546 4343 587 4385 G
618 4345 697 4392 δας
728 4344 981 4388 Acerentia
1012 4345 1063 4388 G.
1095 4346 1232 4396 Neap.
1354 4345 1402 4400 n)
1430 4344 1654 4386 Romoald
1686 4345 1727 4385 A
1762 4345 1802 4396 1,
1833 4344 1928 4387 αῑίἰ.
