3042 4909
731 441 952 494 PAULI
989 439 1335 494 HISTORIA
1374 440 1916 494 LANGOBARDOR
1924 442 2045 494 UM.
2436 443 2505 492 3⁷

276 610 559 674 Martini
608 612 682 674 in
752 608 1196 695 Winiyartin’,
1231 619 1467 694 postea
1512 611 2151 697 Senkenberyianus,
2195 633 2245 674 s.
2288 610 2403 675 IX.
2446 612 2514 693 4,

273 693 476 758 nitide
538 694 613 757 in
682 692 834 757 alba
886 715 1299 779 perqamena
1359 704 1714 776 exaratus,
1781 693 1879 759 nil
1944 696 2081 760 nisi
2145 695 2514 760 Historiam

276 776 865 863 Lanyobardorum
909 779 1265 841 continens.
1350 777 1562 843 Plura
1594 778 1975 844 exciderunt
2000 776 2187 863 folia
2218 785 2510 864 (quater-

275 862 493 926 nionis
523 863 742 946 primi
787 863 842 925 1.
874 859 932 923 3.
963 861 1024 925 4.
1053 862 1114 924 5.
1160 863 1219 941 6,
1264 864 1521 946 septimi
1562 863 1621 942 5,
1668 862 1994 927 undecimi
2043 864 2097 944 1,
2142 862 2512 928 duodecimi

278 947 330 1027 7,
378 945 612 1009 decimi
653 946 829 1009 tertii
876 945 906 1007 1
977 946 1211 1009 decimi
1264 948 1523 1029 septimi
1564 945 1659 1026 8).
1746 946 2071 1011 Lectionis
2130 947 2508 1011 varietatem

276 1032 344 1094 in
396 1027 603 1095 Catal.
648 1026 793 1094 bibl.
939 1030 1225 1093 'essensis
1281 1029 1421 1094 Otto
1462 1054 1533 1115 p.
1580 1029 1932 1095 288—312.
1977 1029 2324 1116 evulyavit,
2356 1033 2508 1117 Jam

276 1122 471 1178 antea
500 1113 867 1177 Bethmann
911 1114 1214 1193 enotavit,
1246 1123 1405 1198 post
1441 1138 1625 1200 quem
1654 1117 1766 1179 eti
1815 1136 1879 1179 se
1908 1113 2144 1180 librum
2238 1115 2509 1180 retiosae

278 1198 692 1299 antiquitatis
752 1220 795 1260 a
853 1194 1266 1262 bibliothecae
1313 1199 1659 1283 praefecto
1729 1138 1809 1260 13.)
1841 1197 1934 1264 Cl.
1991 1198 2177 1263 Noac
2276 1198 2505 1262 huma-

278 1283 538 1346 nissime
560 1280 946 1346 Berolinum
972 1283 1431 1346 transmissum
1455 1283 1833 1346 accuratius
1844 1281 2273 1367 perlustravi.
2324 1280 2508 1356 Quae

278 1365 562 1430 secunda
598 1387 838 1430 manus
882 1366 1165 1430 correxit
1196 1368 1453 1451 partim
1498 1388 1579 1429 eoc
1621 1367 1687 1429 F
1707 1367 1736 1428 1
1787 1375 2000 1430 sumta
2044 1375 2216 1430 sunt.
2288 1365 2387 1451 CJ.
2417 1366 2506 1430 N.

274 1450 472 1514 Arch.
497 1450 551 1530 I,
562 1473 639 1534 p.
671 1447 815 1513 555.
881 1448 1272 1535 Scripturae
1303 1451 1626 1550 specimen
1656 1450 1801 1514 vide
1830 1452 1903 1514 in
1934 1449 2063 1519 tab.
2086 1450 2203 1514 IV.
2227 1450 2324 1516 ed.
2348 1452 2506 1537 maj.

441 1531 580 1618 (67)
629 1530 689 1596 G
719 1532 803 1596 *2.
875 1531 1387 1598 Casselenszs
1426 1532 1845 1598 bibliothecae
1864 1532 2050 1619 folia
2086 1534 2126 1598 6
2171 1535 2506 1620 quadrata

276 1618 345 1680 in
402 1625 458 1680 te
507 1618 782 1682 umentis
837 1616 1154 1681 librorum
1199 1640 1242 1681 a
1282 1617 1525 1683 Jacobo
1575 1615 1890 1682 Grimmio
1936 1618 2199 1683 detecta.
2293 1618 2509 1684 Codex

274 1724 320 1764 s.
369 1701 415 1763 I
466 1750 480 1766 .
540 1722 741 1765 manu
802 1699 1347 1787 Anqlosaoeonica
1404 1711 1742 1782 exaratus,
1802 1701 1950 1766 olim
1995 1703 2070 1766 in
2112 1704 2512 1768 monasterio

269 1782 587 1848 Fuldensi
619 1832 636 1865 ,
766 1793 942 1849 ostea
996 1783 1067 1849 S.
1124 1785 1413 1850 Martini
1490 1786 1891 1866 Maquntino
1953 1785 2177 1870 fuisse
2248 1786 2516 1851 videtur

307 1891 337 1931 c
375 1913 390 1930 .
453 1867 651 1931 Arch.
788 1866 843 1949 I,
877 1890 952 1953 p.
997 1868 1159 1951 283;
1213 1869 1304 1933 N.
1348 1869 1548 1934 Arch.
1594 1871 1646 1951 I,
1680 1892 1756 1953 p.
1801 1868 1928 1933 554
1968 1893 2054 1951 n.,
2099 1880 2156 1935 et
2199 1871 2276 1934 de
2318 1871 2505 1936 libris

323 1951 483 2016 ulda
547 1954 621 2017 in
681 1954 1147 2017 monasterium
1205 1952 1276 2021 S.
1332 1954 1619 2019 Martini
1675 1952 2018 2018 translatis
2081 1953 2512 2036 Giesebrecht,

266 2036 336 2099 Z.
361 2033 430 2120 f.
478 2033 703 2101 Gesch.
745 2035 880 2116 VII,
914 2059 991 2122 p.
1036 2035 1216 2117 564).

434 2120 543 2183 Eae
585 2120 700 2184 hoc
725 2119 1024 2204 fortasse
1047 2121 1260 2206 fluxit

385 2200 573 2350 Ῐέ68)
610 2201 748 2267 G2.
795 2204 874 2267 H
878 2206 952 2269 ei
967 2204 1013 2269 d
1027 2203 1190 2269 elbe
1207 2206 1539 2291 rqensis
1562 2203 1916 2270 Palatinus
1938 2204 2221 2285 Nr.9l2,
2245 2205 2500 2268 membr.

266 2310 316 2350 s.
350 2288 396 2350 I
446 2287 537 2367 .4‚
620 2285 878 2351 luribus
902 2289 1224 2369 manibus,
1254 2312 1536 2374 quarum
1575 2290 1933 2373 specimina
1968 2290 2041 2352 in
2075 2289 2204 2362 tab,
2242 2288 2288 2350 I
2294 2288 2358 2352 V.
2403 2289 2501 2353 ed.

261 2373 419 2455 maj.
444 2371 521 2435 de
574 2373 760 2451 imus,
785 2373 1092 2455 scriptus,
1124 2373 1237 2457 qui
1258 2372 1463 2437 solum
1482 2372 1768 2437 Paulum
1798 2374 2090 2437 continet.
2142 2371 2502 2455 Exemplar

267 2454 536 2520 *litteris
568 2455 675 2519 An
723 2454 1124 2521 losaoeonicis
1167 2465 1513 2521 exaratum
1535 2456 1982 2540 fundamento
2016 2458 2309 2540 positum
2342 2477 2496 2539 esse,
2521 2458 2593 2514 '1³·
2615 2464 2687 2506 88·

265 2561 409 2604 cum
465 2539 661 2620 sinqu
695 2562 736 2603 a
790 2540 1126 2620 vocabula,
1170 2550 1304 2605 tum
1348 2541 1624 2605 nomina
1666 2540 2175 2625 Lanyobardica
2199 2539 2497 2624 formam

264 2624 508 2688 induta
553 2606 962 2688 Saxonicam
1035 2622 1403 2706 Thiadbert,
1457 2622 1779 2704 Thiadric,
1830 2622 2092 2690 Ottwini
2137 2626 2299 2708 etc.),
2328 2647 2492 2710 pro-

263 2708 420 2771 bant
435 2728 460 2789 ,⁶
506 2731 537 2771 c
576 2754 589 2770 .
633 2706 722 2771 N.
753 2706 953 2773 Arch.
1033 2756 1052 2789 ,
1086 2732 1164 2794 p.
1198 2707 1341 2773 554.
1407 2708 1623 2773 Multa
1667 2717 1821 2778 sunt
1863 2731 2007 2772 cum
2053 2706 2112 2772 G
2143 2707 2174 2771 1
2223 2729 2496 2774 commu-

262 2793 414 2873 nia,
476 2814 514 2854 a
543 2793 617 2855 ia
658 2813 809 2856 vero
862 2792 942 2856 ab
999 2792 1116 2856 hoc
1174 2794 1500 2874 recedunt,
1545 2795 1939 2878 praesertim
1988 2794 2235 2878 primis
2286 2791 2494 2874 libris,

259 2897 538 2960 quorum
597 2876 816 2939 scriba
879 2877 1193 2941 sermonis
1261 2879 1676 2962 asperitatem
1742 2877 2009 2961 auferre
2074 2899 2338 2962 eumque
2404 2878 2496 2942 ad

255 2961 725 3045 yrammaticae
768 2959 1037 3046 reyulas
1081 2960 1209 3025 sibi
1249 2971 1439 3025 notas
1481 2962 1787 3026 reducere
1838 2970 2110 3026 conatus
2153 2969 2260 3027 est.
2353 2958 2494 3035 Quo

259 3041 425 3107 alter
469 3043 912 3108 diasceuastes
955 3065 1087 3108 non
1132 3053 1483 3125 contentus,
1523 3054 1721 3110 totum
1750 3046 1987 3110 librum
2019 3046 2493 3110 emendandum

256 3129 506 3193 sumsit.
546 3124 797 3200 Quibus
829 3150 901 3192 se·
945 3129 1147 3209 ositis,
1179 3129 1416 3214 ubique
1439 3129 1532 3192 ad
1550 3131 1841 3212 priorem
1867 3129 2193 3193 lectionem
2216 3132 2492 3211 recurri,

255 3235 403 3275 cum
447 3212 725 3276 codicem
768 3233 810 3273 a
870 3150 940 3276 Ῑξ
972 3209 1062 3277 Cl.
1107 3212 1644 3298 Zanyemeistero,
1688 3213 2097 3278 bibliothecae
2130 3212 2491 3299 praefectO,

254 3293 548 3360 benevole
591 3295 976 3360 Berolinum
1034 3298 1491 3361 transmissum
1535 3297 1784 3362 diutius
1837 3299 2007 3361 inter
2062 3320 2301 3362 manus
2357 3321 2491 3364 ver-

254 3402 491 3443 sarem.
577 3379 687 3442 Esc
733 3380 850 3443 hoc
892 3379 990 3444 vel
1040 3401 1320 3463 prorsus
1379 3382 1582 3446 simili
1633 3381 1844 3446 codice
1886 3382 2078 3445 etiam
2122 3382 2188 3444 F
2207 3381 2238 3443 1
2287 3404 2490 3446 emen·

249 3462 922 3610 {laltiones55q2uasdam
961 3461 1186 3528 illatas
1228 3486 1378 3546 esse,
1437 3474 1572 3529 tum
1609 3468 1962 3551 perspeoei;
2029 3463 2113 3550 cf.
2156 3464 2245 3527 N.
2288 3463 2488 3529 Arch.

419 3569 565 3718 ῗ69)
600 3629 780 3694 Θ2“.
847 3629 1568 3717 Stuttyardiensis
1600 3632 1769 3697 Hist.
1794 3631 1895 3712 26,
1924 3633 2097 3697 inter
2122 3627 2262 3695 alia
2282 3630 2487 3696 multa

252 3724 405 3780 ante
445 3723 754 3780 trecentos
776 3713 930 3800 fere
963 3737 1170 3780 annos
1209 3717 1282 3781 in
1327 3738 1532 3780 unum
1572 3715 1866 3780 volumen
1913 3714 2061 3781 colli
2110 3723 2223 3780 ata
2266 3737 2489 3781 novem

249 3801 535 3865 continet
565 3801 1022 3884 quaterniones
1089 3821 1304 3865 ormae
1328 3803 1721 3882 octonariae,
1746 3800 1978 3886 quibus
2002 3822 2050 3887 p
2080 3823 2227 3865 ures
2248 3823 2487 3866 manus

247 3904 300 3946 s.
331 3882 484 3947 XII.
514 3883 724 3948 inseri
775 3892 997 3948 serunt
1096 3885 1391 3949 istoriam
1429 3885 2039 3971 Lanqobardorum,
2081 3886 2281 3950 vitam
2321 3885 2486 3949 Fur-

244 3969 362 4048 sei,
409 3965 569 4032 alia.
634 3968 678 4031 Ι
732 3990 838 4032 am
868 3991 947 4034 eoe
980 3965 1038 4031 G
1067 3967 1108 4032 2
1137 3968 1530 4054 descriptam
1575 3992 1725 4052 esse,
1769 3971 2140 4035 Bethmann
2176 3969 2303 4035 sibi
2332 3991 2486 4052 per-

248 4072 525 4116 suasum
569 4051 817 4116 habuit.

418 4134 557 4221 (70)
607 4134 667 4200 G
706 4136 797 4201 ²⁶3.
905 4135 1656 4203 Cheltenhamensis
1711 4137 1837 4200 Nr.
1901 4135 2094 4216 1885,
2149 4132 2300 4200 olim
2353 4136 2484 4200 Me-

247 4221 475 4301 tensis,
518 4229 674 4304 post
718 4218 975 4307 colleyii
1023 4220 1540 4299 Claromontani,
1584 4220 1835 4284 membr.
1882 4243 1932 4283 s.
1978 4219 2092 4300 IX,
2149 4220 2264 4283 ubi
2307 4228 2483 4283 cata-

245 4300 395 4390 loqo
440 4306 529 4368 im
582 4314 909 4370 eratorum
963 4327 1042 4369 ecc
1084 4303 1275 4369 Beda
1331 4304 1650 4403 descripto
1705 4304 1939 4368 addita
1981 4312 2133 4367 sunt
2175 4312 2483 4388 eoecerpta

246 4407 330 4451 esc
361 4389 501 4453 Pau
534 4411 569 4452 o
603 4388 693 4452 ad
735 4412 838 4454 res
865 4389 1201 4456 Romanas
1239 4397 1295 4453 et
1324 4386 1791 4453 ecclesiasticas
1825 4388 2228 4473 pertinentia
2259 4385 2349 4470 (I,
2379 4386 2484 4450 25.
