3042 4909
449 416 668 469 PAULI
710 420 1061 473 HISTORIA
1099 421 1771 475 LANGOBARDORUM.
1849 422 1990 473 LIB.
2030 423 2126 474 VI.
2323 423 2431 474 237

165 610 323 655 eum
392 586 502 686 qui
557 586 803 672 primus
865 588 925 652 ei
983 588 1260 654 occurrit
1316 588 1556 672 clavass,
1618 610 1811 675 quam
1871 611 2066 653 manu
2116 586 2426 674 gestabat,

162 680 552 759 percutiens,
610 672 748 736 eius
793 672 990 735 vitam
1012 672 1038 714 ὓ
1085 673 1418 737 extincxit.

341 756 443 820 53.
534 752 724 819 Circa
779 754 936 820 haec
992 764 1285 842 tempora
1342 754 1611 820 Carolus
1714 757 1967 844 rinceps
2024 756 2423 821 Francorum

164 838 478 925 Pipinum
495 849 518 880 ⁰
565 860 753 903 suum
797 836 1003 903 filium
1046 838 1130 903 ad
1171 838 1644 925 Liutprandum
1722 840 1929 922 irexit,
1973 849 2044 903 ut
2074 839 2211 904 eius
2242 839 2425 904 iuxta

163 943 414 987 morem
459 942 538 985 ca
586 919 767 986 illum
824 923 1240 1009 susciperetd.
1330 924 1460 1004 Qui
1513 925 1649 989 eius
1705 924 2052 988 caesariem
2111 921 2419 1008 incidens,

165 1006 234 1071 ei
273 1014 458 1091 pater
498 944 760 1070 effectus
806 1015 901 1070 est
957 1005 1297 1093 multisque
1354 1029 1501 1072 eum
1520 1019 1546 1050 θ
1591 1006 1864 1073 ditatum
1917 1006 2152 1092 regiisr
2205 1028 2425 1072 mune-

165 1089 354 1155 ribus
444 1089 671 1154 enitori
711 1090 976 1155 remisit.

430 1227 443 1240 .
529 1172 654 1239 Per
703 1172 874 1239 idem
933 1183 1186 1260 tempus
1240 1174 1740 1240 Sarracenorum
1793 1173 2112 1239 exercitus
2165 1196 2423 1238 rursum

163 1257 240 1320 in
285 1254 558 1321 Galliam
602 1257 940 1339 introiens,
999 1255 1265 1322 multam
1282 1269 1311 1313 8
1366 1258 1869 1323 devastationem
1926 1258 2092 1322 fecit.
2181 1257 2423 1323 Contra

165 1361 335 1439 quos
381 1338 649 1405 Carolus
693 1361 822 1405 non
864 1339 1050 1425 longe
1093 1362 1133 1404 a
1173 1341 1514 1407 Narbone¹¹
1558 1340 1796 1406 bellum
1841 1342 2262 1424 committenS,
2310 1363 2420 1407 eos
2441 1368 2543 1412 78¹1.

164 1432 339 1488 s10ut
382 1435 444 1489 et
485 1424 665 1510 prius
711 1425 994 1490 maxima
1045 1424 1240 1491 caede
1299 1428 1642 1512 prostravit
1661 1437 1701 1489 ¹.
1786 1426 2022 1491 Iterato
2083 1425 2422 1491 Sarraceni

166 1506 507 1573 Gallorum
559 1508 717 1572 fines
759 1508 1050 1594 ingressi,
1113 1530 1318 1595 usque
1362 1509 1447 1573 ad
1488 1509 1895 1573 Provinciam
1951 1510 2314 1589 veneranti,
2359 1517 2423 1573 et

164 1612 246 1655 ca
295 1601 360 1655 ta
388 1589 667 1673 Arelate,
698 1593 912 1656 omnia
956 1592 1455 1679 circumquaque
1499 1591 1786 1657 demoliti
1813 1601 1962 1656 sunt
1980 1604 2021 1656 ².
2087 1592 2271 1657 Tunc
2301 1590 2422 1657 Ca-

161 1696 240 1740 ro
267 1697 342 1739 us
385 1674 630 1761 legatos
670 1697 816 1740 cum
861 1674 1233 1741 muneribus
1261 1677 1346 1740 ad
1375 1674 1845 1763 Liutprandum
1874 1696 2095 1760 regem
2139 1676 2419 1759 mittens,

163 1760 252 1825 ab
312 1780 389 1823 eo
434 1769 656 1824 contra
698 1759 1084 1825 Sarracenos
1146 1760 1463 1824 auxilium
1504 1761 1829 1859 poposcit3
1890 1760 2047 1846 quik
2090 1759 2249 1824 nihil
2288 1781 2423 1825 mo-

162 1852 346 1908 ratus
391 1864 538 1907 cum
571 1843 745 1908 omni
773 1842 1345 1929 Langobardorum
1390 1845 1713 1910 exercitu¹
1743 1845 1813 1908 in
1841 1843 1978 1908 eius
2022 1843 2418 1908 adiutorium

162 1927 556 2025 properavit.
646 1927 792 2007 Quo
836 1936 1140 2025 conperto
1185 1949 1343 2013 gens
1390 1928 1893 1992 Sarracenorum
1935 1948 2090 1991 mox
2118 1925 2201 1991 ab
2244 1925 2414 1991 illism

164 2010 541 2096 regionibus
585 2011 863 2096 aufugit·
918 2010 1071 2076 L1ut
1117 2010 1399 2075 randusu
1443 2034 1598 2077 vero
1657 2034 1803 2075 cum
1847 2011 2020 2075 omni
2076 2032 2193 2074 suo
2237 2033 2415 2075 exer-

166 2094 304 2158 citu
345 2093 426 2157 ad
469 2093 720 2159 Italiam
762 2116 830 2158 re
878 2094 969 2158 iit.
1053 2033 1258 2158 fiulta
1298 2094 1469 2160 idem
1505 2104 1809 2180 regnator
1838 2102 2057 2157 contra
2097 2094 2418 2158 Romanos

165 2174 339 2242 bella
373 2178 588 2262 gessit,
633 2179 700 2242 in
731 2178 965 2264 quibus
996 2199 1248 2264 semper
1275 2179 1483 2242 victor
1511 2178 1740 2260 extitit,
1787 2187 2077 2263 praeter⁰
2110 2177 2281 2263 quod
2323 2198 2419 2241 se-

164 2258 298 2325 mel
338 2260 405 2323 in
447 2260 737 2326 Arimino
781 2283 857 2327 eo
900 2261 1161 2326 absente
1205 2261 1342 2325 eius
1386 2263 1708 2326 exercitus
1751 2282 1976 2325 caesus
2020 2270 2133 2341 est,
2187 2270 2251 2325 et
2294 2259 2419 2325 alia

162 2344 331 2427 vice,
373 2365 519 2408 cum
578 2353 734 2432 aput
792 2346 1010 2409 vicum
1054 2343 1346 2428 Pilleum,
1402 2357 1598 2431 rege?
1659 2346 1726 2409 in
1784 2342 2158 2430 Pentapoqu
2204 2343 2416 2410 demo-

163 2436 384 2512 rante,
441 2450 678 2515 magna
743 2427 1080 2494 multitudo
1143 2427 1373 2494 horum
1390 2440 1412 2471 r
1491 2430 1605 2516 qui
1668 2428 1804 2513 regi
1867 2426 2247 2492 munuscula
2309 2426 2411 2492 vel

163 2512 401 2576 exenia
441 2510 545 2576 vel
588 2512 982 2598 singularum
1025 2511 1438 2578 ecclesiarum
1480 2511 1957 2578 benedictiones
1975 2522 1996 2554 ³
2029 2510 2415 2593 deferebant,

163 2619 205 2661 a
240 2596 548 2661 Romanis
600 2594 999 2661 inruentibus
1065 2617 1252 2661 caesa
1315 2595 1418 2662 vel
1482 2605 1673 2683 capta
1737 2607 1851 2661 est.
1952 2594 2198 2660 Rursus
2266 2617 2415 2659 cum

161 2679 579 2744 Ravennam‘
605 2678 1084 2767 Hildeprandus
1098 2692 1148 2760 ¹²,
1190 2682 1363 2766 regis
1392 2693 1658 2767 nepusv,
1704 2689 1767 2745 et
1794 2678 2124 2744 PeredeoW
2155 2678 2414 2744 *Vicen-
2435 2692 2513 2746 ’μ
2550 2698 2649 2740 184.

162 2763 384 2828 tinus¹
438 2763 573 2828 dux
624 2764 1001 2850 optinerent,
1055 2763 1453 2829 inruentibus
1513 2764 1725 2829 subito
1775 2764 2099 2828 Veneticis
2116 2812 2132 2845 ,
2196 2761 2418 2826 Hilde-

209 2845 456 2912 randus
486 2848 569 2913 ab
601 2848 693 2912 eis
723 2858 948 2934 captus
971 2858 1085 2930 est,
1114 2847 1445 2913 Peredeor
1474 2846 1742 2912 viriliter
1768 2868 2066 2934 pugnans
2096 2847 2419 2912 occubuit.

161 2870 546 3016 Insequenti
563 2942 587 2979 ³
640 2952 896 3030 quoque
941 2940 1070 2996 tem
1120 2953 1228 2996 ore
1272 2932 1565 3014 Romani,
1614 2930 1885 2997 elatione
1932 2930 2116 2996 solita
2158 2929 2417 3017 turgidi,

165 3016 544 3101 congregati
586 3013 1044 3096 umversaliter‚
1133 3016 1395 3080 abentes
1425 3016 1491 3079 in
1535 3016 1748 3115 capite
1789 3013 2194 3100 Agathonem
2225 3015 2418 3079 Peru·

164 3099 455 3163 sinorum
472 3109 496 3141 ²
555 3097 806 3181 ducem,
864 3109 1178 3164 venerunt
1234 3107 1344 3163 uta
1387 3099 1749 3163 Bonomam
1805 3096 2415 3184 conprehenderent,

167 3258 215 3313 a)
251 3261 437 3302 clavam
466 3262 509 3301 D
530 3262 580 3311 13
612 3261 747 3301 eleva
778 3272 869 3310 qua
896 3261 933 3301 1²·
953 3261 994 3302 1.
1114 3258 1162 3311 b)
1193 3261 1290 3301 vita
1319 3262 1356 3301 F
1374 3262 1415 3301 1.
1436 3258 1477 3301 G
1496 3263 1537 3303 1.
1556 3262 1598 3302 2.
1722 3257 1764 3312 c)
1797 3261 2049 3311 pippinum
2069 3261 2106 3300 P
2125 3263 2166 3301 1.
2185 3258 2226 3300 G
2246 3261 2287 3311 1,
2320 3259 2413 3299 alii.

167 3318 214 3372 d)
247 3321 296 3361 D
330 3322 353 3360 1
385 3320 434 3360 in
463 3331 600 3370 maro.
633 3320 904 3370 succideret,
935 3324 972 3360 et
1004 3321 1066 3360 ica
1098 3319 1179 3359 alit·
1206 3319 1265 3359 D.
1294 3321 1333 3360 B
1366 3319 1408 3362 4.
1439 3319 1484 3358 H
1517 3322 1568 3369 13
1601 3319 1829 3360 incideret
1860 3319 1903 3360 G
1934 3320 2006 3362 ba.
2028 3330 2066 3372 c,
2098 3330 2119 3359 e
2148 3329 2266 3358 corr.
2299 3318 2336 3357 F
2371 3319 2416 3358 1.

166 3376 212 3430 e)
244 3379 362 3419 deest
391 3377 432 3417 Α
465 3380 506 3419 8.
642 3375 678 3429 f)
712 3379 837 3427 regi·
866 3378 905 3418 1³
938 3380 979 3420 1.
1014 3378 1066 3420 0.
1098 3377 1236 3427 Neap.
1375 3375 1424 3428 g)
1455 3378 1603 3418 multa
1632 3378 1669 3417 F
1703 3378 1743 3417 1.
1779 3375 1820 3418 G
1853 3379 1894 3419 1.
1932 3379 1971 3418 2.
2010 3400 2062 3410 -
2095 3377 2415 3419 devastatione

167 3437 204 3477 F
236 3436 300 3478 1⁴?
334 3436 376 3478 G
408 3439 449 3479 1.
487 3438 527 3482 2.
675 3437 723 3487 h)
755 3437 976 3478 Narbona
1021 3438 1063 3476 D
1096 3437 1137 3476 8.
1170 3434 1211 3476 G
1244 3437 1284 3478 1.
1319 3435 1369 3486 83
1418 3437 1449 3477 1.
1483 3436 1533 3476 ln
1565 3436 1740 3476 arbona
1772 3434 1813 3476 G
1843 3437 1888 3480 4.
2038 3434 2074 3488 i)
2104 3436 2326 3485 sequentia
2360 3455 2413 3465 —

164 3496 312 3537 vitam
343 3498 595 3536 servantes.
657 3496 748 3544 Qui
781 3495 835 3538 G.
869 3496 976 3536 dum
1007 3495 1156 3543 adhuc
1187 3497 1377 3545 propter
1408 3493 1463 3547 (ο.
1497 3493 1572 3547 ⁶5)
1603 3495 1686 3534 des.
1716 3495 1755 3534 B
1792 3495 1833 3535 2.
1969 3492 2019 3546 k)
2053 3494 2133 3544 qui
2170 3516 2219 3525 —
2251 3503 2414 3544 prope-

167 3555 293 3595 ravit
323 3555 407 3598 deo.
439 3554 500 3597 D.
529 3555 567 3594 B
599 3554 642 3595 4.
764 3552 799 3605 1)
832 3555 1085 3596 exereitum
1115 3553 1153 3594 F
1177 3555 1216 3595 1.
1337 3551 1400 3605 m)
1435 3564 1495 3593 m.
1528 3552 1741 3594 amabilis
1773 3552 1815 3592 A
1835 3554 1875 3594 1.
1998 3551 2048 3606 ιι)
2079 3552 2415 3602 Ltutprandum

166 3612 205 3652 Ρ
239 3615 292 3662 13
326 3613 581 3663 Liutprand
613 3612 655 3654 G
690 3616 729 3654 1.
850 3611 896 3664 o)
931 3616 1118 3664 propter
1147 3612 1184 3652 Ε·
1220 3614 1259 3652 1.
1294 3611 1335 3652 G
1368 3612 1499 3653 1-8.
1635 3609 1684 3662 p)
1719 3621 1874 3661 regem
1905 3612 1943 3652 1⁴*
1978 3613 2028 3661 13
2062 3620 2218 3660 regem
2254 3632 2306 3642 —
2338 3610 2417 3650 de·

166 3674 429 3713 morantem
462 3671 505 3712 G
538 3673 578 3711 1.
611 3672 653 3711 2.
804 3670 852 3724 q)
883 3672 1177 3723 Pentapolim
1207 3672 1251 3711 D
1286 3672 1330 3713 2.
1359 3672 1411 3713 Ε.
1442 3671 1493 3713 F.
1529 3668 1586 3711 G.
1617 3670 1660 3711 H
1693 3671 1731 3712 1.
1870 3668 1910 3721 r)
1944 3681 2076 3711 orum
2105 3671 2142 3709 F
2177 3671 2227 3720 13
2259 3678 2419 3712 eorum

169 3727 227 3771 G.
262 3730 288 3770 1
321 3731 362 3771 1.
395 3731 438 3770 2.
494 3763 499 3769 .
575 3726 615 3780 s)
648 3730 1017 3772 benedictionem
1049 3730 1090 3771 A
1123 3730 1191 3770 8ο.
1222 3730 1276 3770 P.
1311 3729 1376 3781 (ἃς
1408 3728 1531 3770 dona
1562 3728 1612 3770 Ο.
1643 3729 1700 3768 D.
1730 3728 1769 3769 B
1801 3730 1843 3769 4.
1979 3727 2014 3779 t)
2047 3729 2272 3770 Ravenna
2301 3728 2343 3768 A
2375 3727 2419 3770 8.

166 3787 204 3827 1¹·
238 3791 281 3829 1.
314 3787 356 3829 G
390 3789 519 3830 1-8.
671 3788 721 3841 ιι)
755 3789 1121 3840 childeprandue
1166 3787 1210 3828 A
1243 3789 1293 3839 23
1339 3788 1685 3829 Hildebrandua
1733 3786 1769 3828 Ο
1804 3791 1842 3830 1.
1887 3788 1930 3828 D
1966 3789 2010 3829 2.
2045 3787 2088 3828 G
2120 3788 2158 3829 2.
2192 3787 2214 3827 1
2248 3790 2289 3838 1,
2320 3786 2415 3828 alii.

169 3842 218 3897 v)
250 3847 317 3886 ita
364 3845 405 3886 A
439 3847 568 3888 1-8.
612 3846 650 3887 F
684 3850 726 3890 1.
773 3847 814 3888 G
848 3850 888 3888 1.
922 3849 962 3889 2.
1112 3846 1173 3900 w)
1204 3846 1381 3888 Predeo
1426 3847 1463 3886 Ρ
1498 3849 1540 3888 1.
1587 3845 1630 3888 G
1663 3845 1792 3887 1-8.
1940 3844 1989 3897 x)
2023 3846 2261 3888 vicentius
2293 3844 2334 3885 A
2366 3844 2418 3895 83

168 3904 479 3946 vincentinus
509 3904 552 3945 A
585 3907 624 3948 2.
659 3907 702 3946 D
736 3908 774 3949 2.
812 3906 863 3955 83
893 3907 1087 3951 Vinctus
1120 3906 1163 3946 G
1191 3905 1261 3948 bc.
1397 3903 1446 3957 y)
1478 3905 1633 3946 desinit
1666 3905 1701 3947 O
1734 3906 1776 3948 8.
1912 3903 1955 3957 a)
1989 3906 2141 3946 Peroe.
2176 3903 2217 3945 G
2248 3905 2302 3953 43
2334 3904 2417 3944 Pe·

170 3963 411 4004 matonam
445 3963 485 4005 G
521 3966 561 4004 1.
597 3965 636 4005 2.
758 3963 804 4018 a)
838 3965 911 4017 ad,
942 3976 1068 4006 eraso
1100 3975 1261 4015 conpr.
1293 3962 1334 4005 G
1365 3965 1409 4006 2.

172 4093 233 4159 1)
275 4093 356 4160 (ff.
393 4094 557 4149 Ἆρά.
597 4101 733 4148 cont.
772 4113 815 4148 c.
854 4095 986 4158 109,-
1037 4094 1226 4148 C'hron.
1267 4095 1450 4147 Maiae.
1480 4114 1545 4162 p.
1587 4097 1708 4150 292.
1900 4094 1956 4161 2)
1996 4095 2198 4146 Franci
2234 4111 2412 4147 rerum

167 4167 450 4233 aoriptoree
488 4168 588 4220 hae
625 4169 691 4220 de
715 4185 773 4221 re
809 4167 949 4219 nihil
983 4168 1342 4229 tradiderunt,
1381 4186 1547 4235 quare
1586 4170 1808 4222 dubium
1832 4167 2060 4233 videtur,
2107 4185 2179 4219 απ
2219 4184 2406 4220 revera

166 4239 235 4290 cle
270 4257 414 4292 nova
461 4240 886 4293 Sarracenorum
935 4241 1235 4293 incursione
1291 4241 1631 4308 cogitandum
1680 4242 1762 4306 ait,
1821 4241 2018 4308 quippe
2055 4240 2149 4308 qui
2187 4258 2237 4293 a.
2283 4243 2386 4292 737

159 4311 497 4375 provinciam
546 4316 907 4366 Arelatemem
961 4320 1321 4380 occupassent.
1508 4314 1568 4382 3)
1609 4313 1957 4368 Praecedenti
1994 4314 2196 4382 potius,
2249 4322 2309 4365 ut
2347 4331 2413 4367 ex

173 4386 435 4439 mentione
473 4385 697 4439 Peredei
723 4394 893 4453 patet.
970 4388 1082 4437 BE.
