3042 4909
603 342 704 392 108
911 341 1133 393 PAULI
1170 341 1520 395 HISTORIA
1557 342 2231 397 LANGOBARDORUM.
2309 346 2455 398 LIB.
2492 347 2568 397 11.

599 530 762 595 quos
805 507 1152 573 absconsos
1196 508 1494 591 habebat,
1548 509 1794 576 fortiter
1833 509 2210 594 vulneravit,
2270 512 2362 576 ita
2402 521 2473 578 ut
2515 515 2732 579 statim
2774 516 2847 579 in

594 601 763 659 terra
779 603 806 634 ⁸
859 592 1265 657 corruerent*
1324 602 1387 658 et
1436 595 1821 680 expirarent.
1911 595 2021 660 Sic
2072 594 2439 660 Samsonis⁶
2488 595 2659 663 illius
2715 597 2846 663 for-

595 676 827 742 tissimi
871 698 955 740 ex
995 674 1213 762 aliqua
1253 686 1436 762 parte
1474 698 1608 742 non
1649 676 1983 761 absimiIiS,
2025 699 2172 743 suas
2223 679 2486 746 iniurias
2531 680 2701 747 ultus
2744 692 2844 749 est

597 768 662 825 et
748 780 821 823 ro
880 759 1220 824 amissione
1280 760 1555 825 duorum
1610 760 1926 826 luminum
1984 763 2147 828 duos
2199 763 2567 850 imperatori
2582 766 2614 808 ἃ
2668 766 2842 831 viros

602 844 698 908 uti
744 843 906 907 imos
925 855 950 884 θ
993 844 1333 908 interemit.

766 929 869 992 31.
954 925 1405 1053 Lanqobardi1
1480 949 1632 992 vero
1696 951 1736 992 a
1781 939 1854 994 ut
1917 928 2167 995 Italiam
2232 952 2453 996 omnes
2518 934 2846 998 communi

600 1010 865 1075 consilio
899 1009 1012 1076 Cle
1059 1011 1103 1074 h
1140 1061 1156 1095 ,
1223 1009 1693 1077 nobilissimum
1780 1036 1816 1078 e
1877 1013 2010 1078 suis
2053 1015 2265 1078 virum
2282 1064 2297 1097 ,
2351 1017 2420 1079 in
2460 1017 2620 1081 urbe
2676 1017 2847 1081 Tici-

597 1096 894 1159 nensium
960 1096 1013 1159 si
1059 1097 1083 1158 i
1146 1119 1215 1159 re
1263 1119 1366 1160 em
1430 1104 1806 1162 statuerunt.
1920 1096 2049 1162 Hic
2113 1097 2347 1164 multos
2411 1100 2848 1166 Romanorum

598 1180 772 1244 viros
817 1188 1131 1265 potenteS,
1191 1117 1350 1243 alios
1391 1178 1668 1265 gladiis&
1710 1181 2004 1264 extinxit,
2062 1183 2220 1246 alios
2275 1183 2360 1247 ab
2403 1182 2590 1249 Italia
2632 1195 2845 1249 extur-

597 1262 781 1328 bavit
796 1272 840 1326 ².
903 1263 1034 1327 Iste
1078 1285 1225 1327 cum
1268 1284 1509 1328 annum
1552 1285 1753 1328 unum
1795 1273 1858 1330 et
1901 1287 2019 1330 sex
2059 1288 2312 1331 menses
2356 1289 2504 1331 cum
2539 1268 2844 1333 Masane¹¹

598 1368 718 1411 sua
762 1347 1035 1432 coniuge
1077 1369 1348 1432 regnum
1392 1348 1806 1433 optenuisset,
1864 1371 1904 1413 a
1945 1372 2147 1436 puero
2200 1350 2281 1415 de
2328 1373 2445 1416 suo
2490 1352 2799 1439 obsequio
2818 1361 2845 1399 ³

599 1429 816 1515 gladio
859 1429 1217 1515 iugulatusi
1271 1442 1386 1495 est.

767 1513 917 1578 32¹1.
1003 1516 1161 1580 Post
1189 1515 1370 1589 cuius
1400 1526 1671 1581 mortem
1699 1516 1798 1580 La
1889 1516 2115 1580 obardi
2156 1519 2301 1603 per¹
2346 1540 2550 1583 annos
2580 1519 2847 1584 decem⁴

596 1609 862 1682 regem¹m
916 1619 1049 1663 non
1111 1598 1437 1680 habentes,
1502 1600 1623 1665 sub
1689 1599 1840 1664 duci
1887 1622 1963 1664 us
2026 1599 2300 1666 fuerunt.
2386 1602 2846 1690 Unusquisque

599 1683 771 1746 enim
828 1681 1065 1747 ducum
1130 1704 1313 1748 suam
1379 1684 1701 1749 civitatem
1768 1682 2126 1749 obtinebat:
2198 1683 2466 1749 Zabanu
2525 1686 2844 1770 Ticinum,

597 1764 907 1831 Wallario
957 1766 1347 1852 Bergamum
1359 1778 1410 1849 Ρ,
1469 1766 1716 1833 Alichis
1733 1779 1763 1822 (Ι
1815 1767 2142 1849 Brexiam,
2186 1768 2391 1833 Eoinr
2449 1770 2781 1835 Trientum
2797 1781 2842 1854 ⁵,

602 1848 921 1915 Gisulfust
961 1849 1382 1915 Forumiuliu.
1465 1850 1598 1916 Sed
1640 1860 1704 1916 et
1745 1850 1855 1914 alii
1899 1861 2081 1917 extra
2122 1852 2237 1916 hos
2280 1853 2349 1916 in
2391 1855 2525 1917 suis
2567 1854 2841 1919 urbibus

595 1934 859 2019 niginta
900 1933 1138 1999 ducesv
1207 1935 1481 2000 fuerunt.
1566 1934 1690 1998 His
1732 1934 1962 2000 diebus
2019 1934 2201 2000 multi
2256 1935 2569 2001 nobilium
2613 1938 2845 2002 Roma-

594 2039 826 2081 norum
883 2017 965 2082 ob
1033 2018 1501 2104 cupiditatemW
1565 2017 1879 2084 interfecti
1942 2029 2106 2087 sunt.
2191 2019 2449 2106 Reliqui
2511 2043 2663 2086 vero
2727 2044 2846 2107 per

597 2100 881 2187 hospites
897 2114 927 2143 ¹
970 2102 1180 2186 divisi,
1235 2113 1309 2169 ut
1363 2103 1628 2190 terciam
1682 2111 1932 2190 partem
1945 2115 1978 2159 Y
2043 2127 2303 2169 suarum
2366 2105 2624 2191 frugum
2677 2104 2845 2169 Lan-

599 2365 645 2417 a)
679 2366 747 2406 ita
775 2366 813 2407 B
850 2368 892 2409 1.
927 2364 963 2406 O
997 2368 1036 2406 1.
1074 2367 1116 2408 2.
1149 2367 1194 2407 D
1227 2369 1266 2407 1.
1300 2368 1337 2406 F
1371 2369 1411 2409 1.
1444 2367 1486 2408 G
1519 2369 1559 2409 1.
1593 2367 1647 2417 2;
1678 2372 1848 2409 terram
1878 2368 1921 2408 A
1953 2368 2013 2408 1?
2044 2369 2088 2409 2.
2123 2369 2165 2421 3,
2195 2369 2288 2411 alii.
2411 2367 2459 2422 b)
2492 2373 2706 2410 corruent
2737 2368 2845 2419 Δις

599 2435 822 2466 corruens
854 2430 901 2466 et
931 2436 971 2466 e.
1005 2426 1043 2464 F
1078 2428 1126 2475 13
1173 2430 1438 2466 corruentes
1474 2437 1514 2467 e.
1544 2427 1582 2465 F
1614 2427 1658 2467 2.
1693 2428 1735 2468 3.
1770 2427 1812 2468 5.
1846 2427 1901 2468 G.
2040 2426 2082 2479 c)
2116 2426 2292 2468 Saxoni
2320 2428 2358 2467 F
2391 2428 2431 2472 5.
2570 2425 2619 2480 d)
2650 2429 2845 2479 impera·

597 2485 711 2525 toris
742 2485 779 2523 F
811 2481 874 2526 ‘2.
910 2483 964 2526 G.
995 2484 1078 2524 11.
1116 2493 1167 2515 -·
1204 2485 1328 2525 viros
1357 2487 1468 2525 deest
1501 2484 1554 2526 0.
1584 2484 1644 2525 D.
1768 2483 1813 2537 e)
1846 2487 2051 2526 utilimos
2080 2489 2119 2528 B
2138 2489 2180 2527 1.
2213 2488 2320 2536 1³¹3
2351 2486 2621 2528 utilissimos
2651 2486 2693 2526 A
2722 2488 2764 2527 4.
2798 2488 2842 2530 5.

597 2544 641 2582 n
675 2541 734 2582 2?
764 2543 802 2582 F
834 2539 895 2584 ‘2.
927 2544 972 2585 2.
1005 2542 1046 2582 5.
1081 2542 1136 2583 G.
1305 2542 1345 2595 f)
1380 2544 1495 2594 0101)
1528 2545 1566 2584 B
1602 2544 1642 2585 1.
1676 2545 1720 2583 D
1754 2543 1846 2585 ἐκ.
1880 2546 1921 2586 s.
1973 2545 2027 2587 G.
2059 2545 2083 2585 1
2117 2548 2157 2586 1.
2189 2545 2228 2584 L
2263 2547 2311 2595 13
2360 2546 2471 2586 eleb
2503 2544 2545 2584 A
2575 2546 2619 2586 s.
2652 2547 2705 2587 r.
2735 2547 2761 2586 1
2792 2549 2844 2597 23

598 2600 790 2651 clepam
820 2602 858 2641 B
892 2604 962 2642 la.
999 2623 1052 2630 —
1084 2601 1373 2643 nobilissimo
1406 2603 1450 2643 d.
1484 2613 1521 2643 s.
1554 2602 1731 2642 viribus
1760 2604 1797 2644 F
1830 2605 1871 2644 1.
1994 2601 2041 2655 g)
2074 2604 2253 2653 gladios
2285 2603 2321 2644 C
2356 2607 2395 2646 1.
2426 2605 2501 2646 4b.
2531 2605 2569 2643 F
2602 2606 2651 2654 13
2684 2605 2840 2654 gladio

597 2658 641 2698 A
672 2660 713 2701 3.
750 2659 804 2699 G.
836 2659 862 2698 1
894 2661 934 2712 2,
966 2661 1046 2699 alii
1057 2670 1069 2708 3
1105 2683 1158 2690 —
1192 2661 1433 2700 extincxe?
1460 2662 1497 2699 F
1532 2662 1576 2700 1.
1696 2658 1746 2713 h)
1778 2662 1993 2701 Massane
2024 2663 2060 2703 C
2093 2662 2221 2701 1-3.
2258 2664 2457 2712 plerique
2486 2664 2545 2704 D.
2574 2664 2613 2703 Ε
2647 2666 2690 2704 1.
2721 2664 2765 2704 Η
2798 2665 2839 2706 1.

596 2718 622 2757 Ι
653 2718 708 2768 2;
740 2718 958 2758 Massana
990 2717 1025 2758 O
1056 2718 1129 2760 4b.
1163 2718 1217 2767 53
1247 2719 1441 2759 Manasa
1474 2717 1518 2757 A
1548 2718 1599 2768 53
1629 2719 1848 2759 Manassa
1879 2719 2016 2769 A5b3
2047 2721 2264 2760 Manasse
2294 2721 2338 2759 D
2358 2722 2399 2761 2.
2431 2722 2475 2761 Η
2506 2722 2586 2771 5a;
2616 2723 2842 2763 Mansane

596 2775 636 2815 L
668 2776 721 2825 13
765 2775 957 2816 Ansane
1004 2777 1042 2815 F
1076 2778 1117 2816 1.
1152 2773 1213 2816 ’2.
1245 2777 1287 2817 4.
1338 2776 1380 2820 G
1413 2779 1452 2817 1.
1488 2779 1530 2818 2.
1564 2777 1606 2817 4.
1642 2778 1691 2826 63
1736 2775 1925 2818 Ausone
1973 2777 2015 2818 G
2045 2778 2097 2826 33
2128 2777 2285 2818 Asane
2315 2780 2353 2818 F
2385 2780 2430 2821 2.
2463 2779 2505 2820 G
2536 2780 2617 2830 5b3
2659 2781 2845 2822 Asanae

599 2833 641 2874 G
673 2834 747 2883 503
780 2833 875 2874 Asa
906 2833 948 2875 G
979 2834 1051 2875 5a.
1185 2832 1219 2885 i)
1251 2834 1478 2875 iaculatus
1509 2835 1551 2875 A
1583 2835 1625 2875 3.
1676 2855 1729 2864 —
1770 2836 1928 2884 gladio
1970 2837 2079 2875 deest
2112 2836 2147 2876 G
2180 2837 2222 2877 2.
2257 2836 2298 2878 G
2329 2836 2400 2879 5c.
2518 2835 2568 2889 k)
2599 2839 2676 2878 Ιιοο
2716 2845 2845 2890 caput

598 2893 711 2932 deest
742 2891 778 2932 C
809 2894 863 2942 43
894 2893 942 2932 in
973 2892 1008 2934 G
1031 2892 1057 2933 5
1090 2897 1127 2931 et
1157 2894 1251 2932 cod.
1288 2892 1437 2932 Ortelii
1465 2905 1539 2942 ap.
1573 2894 1699 2933 Lina.
1726 2904 1775 2943 p.
1811 2894 1911 2935 299.
1944 2895 2123 2944 legitur:
2156 2895 2321 2943 Itaque
2352 2899 2533 2935 mortuo
2566 2896 2726 2947 eleph,
2757 2909 2843 2948 per

599 2951 758 2991 decem
789 2962 937 2991 annos
983 2952 1156 3000 absque
1187 2961 1295 3001 rege
1340 2951 1472 2992 suere
1501 2951 1821 3002 Langobard13
1865 2953 2182 2994 tantummodo
2224 2953 2363 2994 duces
2409 2953 2498 2993 sibi
2530 2952 2658 3006 (deest
2688 2954 2839 3008 Lina.)

597 3013 861 3060 praeerant.
927 3008 1050 3057 Quod
1079 3021 1129 3049 ex
1158 3010 1296 3050 rubra
1326 3015 1510 3050 sumtum
1543 3021 1630 3050 eeu
1659 3011 1840 3062 videtur,
1871 3016 1919 3050 ue
1950 3012 2110 3051 lacuna
2141 3012 2398 3062 aptaretur.
2518 3010 2554 3064 1)
2586 3017 2691 3063 post
2721 3014 2765 3054 A
2797 3017 2838 3057 1.

596 3068 636 3107 B
673 3070 712 3108 1.
745 3068 787 3109 2.
823 3067 858 3109 G
893 3068 935 3107 1.
966 3069 1008 3108 2.
1055 3068 1099 3106 D
1135 3070 1175 3108 1.
1223 3068 1267 3108 Η
1300 3070 1342 3108 1.
1373 3070 1398 3108 Ι
1430 3070 1482 3118 3;
1531 3071 1648 3118 quod
1677 3071 1723 3109 in
1770 3070 1995 3120 archetypo
2015 3070 2162 3120 fuine
2191 3071 2415 3110 verisimile
2446 3076 2535 3120 εεις
2580 3082 2727 3121 usque
2757 3085 2843 3124 per

597 3127 640 3166 D
675 3127 717 3171 3.
759 3137 780 3165 e
811 3138 924 3168 corr.
958 3131 1007 3166 ut
1036 3126 1205 3166 videtur
1232 3127 1270 3166 F
1305 3127 1344 3179 1,
1376 3133 1414 3167 et
1444 3128 1507 3167 ita
1540 3127 1596 3168 G.
1628 3129 1711 3180 11,
1743 3128 1822 3168 alii
1830 3140 1848 3178 ,-
1878 3140 2024 3178 usque
2054 3133 2158 3180 post
2186 3130 2229 3168 D
2249 3126 2341 3169 Ἔα.
2377 3130 2431 3179 83
2522 3127 2586 3181 m)
2618 3134 2839 3180 regeri.

599 3183 648 3237 n)
681 3186 847 3226 Laban
878 3184 920 3224 A
951 3185 1005 3235 33
1037 3186 1153 3227 mab
1185 3185 1228 3225 A
1258 3187 1310 3237 43
1342 3186 1556 3226 Tibaban
1586 3186 1628 3226 A
1659 3186 1711 3237 53
1742 3188 1893 3228 Tiban
1925 3188 1966 3227 G
1997 3186 2078 3238 5b3
2110 3188 2291 3228 'riaban
2319 3188 2359 3228 L
2392 3190 2440 3238 13
2472 3189 2697 3230 'Picenum
2728 3192 2765 3231 Ρ
2798 3194 2840 3234 1.

602 3265 655 3275 -
685 3245 723 3283 F
757 3246 781 3284 1
815 3245 909 3285 alia
938 3255 1074 3284 manu
1104 3245 1248 3285 addit.-
1295 3245 1516 3287 Alboni
1547 3246 1982 3299 Mediolanum,
2032 3252 2069 3288 et
2099 3248 2163 3287 ita
2213 3246 2394 3300 (Alloni
2424 3249 2464 3288 P
2495 3249 2538 3289 2.
2572 3248 2618 3302 3)
2649 3249 2687 3289 F
2719 3252 2759 3291 2.
2793 3248 2840 3291 ’2

600 3301 695 3355 (ubi
723 3304 1054 3344 Mediolanium
1101 3304 1182 3354 leqi
1205 3303 1381 3356 potest).
1417 3304 1460 3345 3.
1493 3305 1535 3344 4.
1675 3302 1718 3356 ο)
1749 3306 1964 3347 Waillari
1994 3305 2017 3345 1
2051 3307 2091 3347 1.
2232 3304 2283 3358 p)
2314 3307 2449 3356 Perg.
2485 3306 2519 3347 C
2551 3303 2613 3347 ’1.
2649 3310 2690 3349 1.
2724 3309 2768 3351 D
2801 3312 2846 3350 1.

600 3361 642 3402 G
674 3363 716 3414 2,
748 3363 843 3403 alii.
992 3359 1040 3414 q)
1071 3361 1260 3403 Alechis
1290 3364 1329 3403 E
1364 3365 1414 3413 13
1459 3362 1582 3402 Aliis
1613 3362 1655 3403 A
1686 3365 1738 3415 43
1784 3363 1948 3405 Alahis
1980 3365 2033 3410 F.
2065 3364 2106 3406 G
2138 3366 2193 3414 23
2239 3364 2427 3406 Alachis
2458 3366 2503 3406 D
2534 3366 2585 3417 33
2631 3367 2841 3410 Alaichis

601 3420 644 3462 G
672 3422 715 3464 4.
753 3442 798 3453 -
835 3422 1067 3462 Brixslam
1097 3422 1134 3461 Γ
1168 3424 1216 3472 13
1256 3423 1468 3463 Brixiam
1501 3421 1555 3463 G.
1698 3420 1737 3474 r)
1769 3424 1833 3462 ita
1864 3423 1906 3463 A
1938 3425 1977 3462 1.
2008 3425 2046 3464 Β
2082 3426 2121 3465 1.
2158 3426 2227 3465 la.
2263 3425 2303 3464 2.
2335 3425 2387 3466 F.
2423 3423 2462 3465 G
2495 3426 2626 3467 1-4.
2659 3427 2685 3467 1
2715 3428 2757 3469 2.
2791 3427 2841 3478 33

595 3481 723 3522 Euin
747 3481 943 3530 plerique
972 3481 1051 3521 alii
1080 3486 1118 3520 et
1148 3482 1272 3532 infra
1291 3481 1394 3530 fere
1434 3491 1602 3531 omne-⁹3
1648 3482 1773 3522 Eiun
1805 3482 1826 3521 1
1859 3485 1899 3522 1.
1932 3481 2143 3523 Ser-ibitur
2191 3483 2318 3523 ceiam
2346 3484 2469 3524 Ebin
2502 3483 2562 3536 (G
2593 3482 2656 3538 2),
2688 3486 2842 3527 Ebuin

599 3538 663 3593 (G
695 3538 757 3592 3),
787 3540 943 3581 Hevin
975 3539 1036 3593 (G
1067 3539 1154 3593 50).
1275 3537 1316 3591 s)
1349 3541 1622 3581 Tridentum
1652 3539 1696 3579 A
1726 3540 1768 3581 5.
1802 3541 1851 3582 G.
1882 3541 1942 3582 D.
1975 3543 2014 3581 E
2048 3544 2087 3581 1.
2123 3542 2161 3581 F
2193 3542 2234 3584 5.
2270 3542 2312 3584 G
2343 3544 2385 3583 2.
2418 3543 2489 3585 5a.
2507 3543 2552 3585 b.
2585 3543 2630 3584 Η
2664 3546 2714 3596 13
2746 3547 2843 3586 'rri-

598 3601 789 3647 gentum
819 3599 857 3639 F
890 3601 932 3640 1.
967 3598 1009 3640 G
1042 3600 1083 3640 1.
1118 3601 1158 3641 2.
1191 3600 1243 3650 33
1275 3600 1498 3640 'Frentum
1530 3600 1567 3639 Ε
1600 3600 1641 3639 2.
1677 3600 1720 3639 3.
1867 3599 1903 3652 t)
1938 3600 2190 3651 Gisolphus
2222 3599 2323 3644 As.
2475 3599 2526 3654 u)
2555 3601 2842 3657 Foroiuliffl)

595 3657 638 3696 B
670 3659 711 3698 1.
748 3656 809 3707 G;
839 3658 1067 3698 Foruicssi
1099 3658 1134 3698 C
1168 3661 1223 3708 13
1263 3659 1478 3699 Foruiuli
1506 3659 1550 3697 D
1586 3660 1636 3709 ¹3
1681 3659 1858 3700 Forolli
1886 3660 1924 3699 1³
1957 3662 2011 3711 13
2051 3658 2111 3710 cs.
2139 3671 2279 3710 supra
2304 3672 2352 3710 p.
2387 3659 2443 3702 96
2473 3672 2518 3702 n.
2552 3673 2597 3712 p.
2686 3662 2734 3715 v)
2766 3663 2843 3703 du·

598 3715 726 3755 cibus
756 3715 794 3754 F
828 3717 879 3767 13
910 3716 998 3756 viri
1032 3715 1072 3757 G
1104 3717 1150 3758 3.
1283 3715 1346 3769 w)
1379 3717 1630 3767 cupiditate
1676 3717 1720 3757 A
1751 3719 1792 3758 2.
1824 3720 1863 3759 Β
1898 3720 1939 3759 1.
2058 3720 2109 3774 x)
2141 3720 2294 3760 hostes
2339 3720 2383 3759 D
2416 3721 2458 3761 2.
2494 3720 2534 3761 3.
2568 3720 2609 3762 G
2636 3721 2713 3762 ab.
2743 3722 2767 3762 1
2799 3723 2839 3775 1,

596 3782 619 3812 ι
648 3785 763 3815 corr.
799 3773 895 3815 G4.
1020 3773 1069 3828 y)
1101 3775 1308 3826 hospites
1337 3787 1450 3817 corr.
1484 3777 1691 3826 partes?
1708 3779 1749 3830 1,
1779 3782 1818 3818 ee
1847 3778 1911 3817 ita
1940 3779 1979 3817 F
1996 3779 2038 3821 2.
2057 3778 2099 3821 3.
2118 3779 2171 3828 43
2202 3779 2280 3820 vel
2308 3782 2462 3829 patres
2492 3790 2706 3829 euperecr.
2742 3778 2843 3824 G1.

600 4001 657 4071 1)
695 4003 902 4056 Paulus
934 4003 1199 4071 Oriqinem
1235 4015 1461 4070 secutus,
1499 4013 1630 4074 aput
1666 4008 1880 4060 Italiam
1907 4025 2090 4061 omnes
2130 4011 2395 4061 communi
2434 4009 2675 4070 consilio,
2714 4010 2840 4061 nob.

599 4076 666 4128 de
705 4095 749 4129 s.
788 4095 842 4130 V.
879 4079 937 4128 in
962 4094 1015 4128 u.
1041 4079 1104 4130 Τ.
1143 4078 1209 4129 de
1245 4095 1342 4130 suo
1382 4079 1611 4132 addidit.
1688 4080 1919 4148 Reliqua
1944 4099 2064 4134 vero
2108 4082 2326 4133 aliunde
2363 4081 2564 4133 sumsit.
2679 4081 2736 4147 2)
2760 4080 2837 4149 (ff.

594 4149 835 4201 Marium
873 4168 925 4202 a.
964 4151 1090 4215 572,
1148 4149 1241 4216 qui
1295 4151 1492 4204 similia
1531 4152 1711 4206 tradit.
1897 4153 1958 4222 3)
2001 4152 2079 4221 Cf.
2138 4154 2375 4205 Marium
2414 4171 2464 4206 a.
2504 4154 2628 4205 573.
2686 4163 2733 4206 et
2772 4156 2837 4209 ds

593 4221 690 4274 Ιιοσ
732 4223 840 4274 loco
879 4222 1060 4288 Pabst,
1118 4224 1494 4294 Forschunqen
1552 4225 1633 4290 II,
1682 4244 1744 4293 p.
1786 4227 1893 4278 504
1930 4244 2041 4293 sqq.
2228 4226 2289 4292 4)
2330 4227 2613 4279 duodecim
2660 4226 2747 4281 Or.
2786 4237 2833 4281 et

600 4293 746 4346 Gom.
787 4294 978 4363 Prosp.
