3042 4909
360 1633 380 1653 ’
393 1648 440 1687 p.
474 1635 575 1681 105.

599 375 699 423 128
886 374 1103 423 PAULI
1146 372 1492 422 HISTORIA
1533 372 2201 424 LANGOBARDORUM.
2279 373 2421 423 LIB.
2463 373 2567 423 111.

592 563 761 626 aqua
802 541 1209 624 pertingeret,
1254 537 1421 619 licet,
1466 539 1633 602 sicut
1675 547 1773 601 eta
1816 538 2041 602 beatus
2073 538 2426 624 Gregorius
2467 547 2614 637 post
2703 561 2830 638 apa

594 627 853 708 scripsit
867 636 907 705 ¹,
953 624 1017 685 in
1048 623 1270 687 eadem
1289 623 1316 663 ¹³
1347 620 1681 685 basilicam
1712 643 1881 706 aqua
1908 623 2170 687 minime
2200 624 2533 687 introierit.
2665 623 2825 688 rb1s⁰

592 729 844 794 quoque
904 706 1187 771 eiusdem
1240 706 1629 770 Veronensis
1697 707 1866 768 muri
1922 729 2006 770 ex
2064 716 2242 791 parte
2295 705 2549 792 aliqua‘¹
2606 707 2829 771 eadem

591 802 739 855 sunt
791 790 1206 854 inundatione
1251 788 1556 854 subrutie.
1642 790 1844 853 Facta
1895 800 1994 854 est
2043 801 2255 855 autem
2297 789 2457 856 haec
2497 789 2827 854 inundatio

594 885 774 940 sexto
807 875 1056 938 decimo
1085 872 1413 938 Kalendas
1443 870 1849 937 Novembris
1904 872 2035 938 Sed
2066 875 2310 939 tantaef
2357 874 2825 938 coruscationes

592 970 654 1024 et
716 959 996 1023 tonitrua
1059 958 1318 1022 fuerunt
1334 970 1382 1039 8,
1448 967 1724 1043 quantae
1793 956 1932 1021 fieri
2001 959 2116 1021 vix
2181 959 2427 1022 aestivo
2492 959 2823 1043 temporeh

592 1041 812 1106 solent.
899 1042 1054 1106 Post
1097 1042 1256 1106 duos
1301 1063 1557 1139 quoque
1601 1063 1851 1105 menses
1895 1041 2118 1106 eadem
2162 1041 2316 1106 urbs
2364 1042 2422 1105 V
2425 1043 2826 1106 eronensium

591 1147 823 1210 magna
866 1148 950 1189 ex
1039 1135 1172 1189 arte
1215 1125 1508 1189 incendio
1555 1134 1961 1189 concremata
2006 1136 2121 1190 est.
2508 1180 2516 1187 .

757 1209 892 1274 24.ἰ
1028 1220 1108 1272 n²
1151 1208 1273 1273 hae
1333 1208 1556 1273 diluvii
1612 1209 1917 1273 effusione
1959 1210 2025 1272 in
2082 1219 2330 1273 tantum
2385 1208 2560 1294 apud
2602 1207 2826 1273 urbem

589 1294 860 1357 Romam
903 1291 1136 1357 fluvius
1178 1293 1429 1357 Tiberis
1474 1294 1789 1374 excrevit,
1836 1302 1907 1356 ut
1948 1314 2150 1378 aquae
2196 1294 2333 1356 eius
2377 1315 2571 1376 super
2613 1313 2828 1357 muros

591 1377 767 1442 urbis
840 1375 1174 1441 influerent
1240 1379 1346 1441 etk
1410 1378 1723 1440 maximas
1780 1378 1846 1439 in
1923 1397 1999 1440 ea
2062 1378 2352 1462 regiones
2424 1386 2826 1460 occuparent.

591 1460 811 1524 Tunc⁸
906 1483 973 1525 er
1013 1459 1266 1524 alveum
1310 1459 1596 1525 eiusdem
1641 1459 1923 1523 fluminis
1968 1481 2112 1523 cum
2155 1459 2380 1524 multa¹
2434 1461 2823 1544 serpentium

591 1484 997 1608 multitudine
1014 1557 1054 1587 ¹¹¹
1086 1545 1279 1608 draco
1304 1545 1492 1608 etiam
1517 1545 1716 1608 mirae
1760 1543 2218 1650 magnitudinis
2241 1566 2357 1628 per
2376 1542 2600 1608 urbem
2626 1554 2824 1607 trans-

590 1629 726 1692 iens
791 1648 995 1712 usque
1053 1627 1137 1691 ad
1179 1650 1353 1692 mare
1394 1627 1710 1692 discendit
1724 1639 1771 1691 ¹¹.
1862 1627 2221 1692 bubsecuta
2254 1628 2505 1692 *statim
2536 1638 2634 1692 est
2660 1627 2824 1691 hanc

589 1710 1068 1777 inundationem
1112 1712 1493 1796 gravissima
1549 1708 1926 1795 pestilentia,
1988 1732 2182 1797 quam
2239 1712 2667 1796 inguinariam
2716 1733 2825 1796 ap-

591 1793 843 1883 pellant.
932 1796 1113 1876 Quae
1155 1804 1330 1859 tanta
1372 1805 1584 1879 strage
1613 1794 1919 1881 populum
1968 1794 2352 1877 devastavit,
2397 1804 2469 1858 ut
2498 1794 2621 1859 de⁰
2652 1795 2824 1859 inae-

591 1878 893 1943 stimabili
955 1877 1356 1944 multitudine
1407 1882 1521 1943 vix
1539 1891 1567 1932 Ρ
1635 1879 1828 1965 pauci
1891 1890 2307 1944 remanerent.
2407 1879 2823 1964 Primumque

590 1962 919 2048 Pelagium
1007 1984 1196 2048 apam
1210 1976 1258 2045 (Ι,
1298 1964 1504 2027 virum
1523 1975 1546 2004 Γ
1590 1961 2036 2045 venerabilem,
2067 1962 2338 2047 perculit
2381 1973 2443 2027 et
2480 1963 2616 2026 sine
2645 1983 2825 2026 mora

591 2047 882 2112 extinxit.
1043 2047 1225 2111 einde
1289 2056 1585 2132 pastores
1650 2047 2064 2131 interempt0‚
2138 2069 2277 2112 sese
2340 2068 2456 2132 per
2524 2045 2825 2132 populost

589 2131 892 2195 extendit.
979 2131 1097 2194 In¹¹
1156 2132 1276 2195 hac
1331 2139 1508 2194 tanta
1554 2128 1960 2194 tribulatione
2001 2130 2406 2195 beatissimus
2452 2129 2822 2215 GregoriuS‚

590 2215 699 2300 qui
742 2225 895 2279 tunc
949 2214 1144 2279 levita
1186 2225 1339 2296 erat,
1393 2237 1431 2278 a
1476 2215 1721 2278 cunetis
1763 2213 2145 2298 generaliter
2185 2236 2356 2301 papa
2399 2213 2636 2278 electus
2665 2223 2761 2278 est
2776 2226 2825 2275 V.

590 2300 760 2379 Qui⁴
804 2299 955 2363 dum
988 2297 1418 2384 septiformem
1447 2298 1788 2363 laetaniam
1817 2297 1956 2362 fieri
1986 2297 2357 2379 ordinasset,
2396 2300 2561 2361 intra
2590 2298 2826 2361 uniusW

588 2382 779 2447 horae
835 2384 1133 2469 spatium,
1192 2383 1394 2446 dum¹
1442 2382 1510 2445 hi
1552 2381 1763 2446 Deum
1823 2381 2373 2467 deprecarentur¹‚
2419 2392 2606 2446 octua
2653 2383 2826 2444 intar

592 2488 675 2530 ex
706 2467 797 2530 eis
829 2465 1042 2530 subito
1073 2465 1156 2529 ad
1191 2477 1395 2531 terraz
1430 2476 1813 2547 corruentes,
1847 2467 2140 2551 spiritum
2172 2464 2526 2531 exalarunt.
2666 2465 2823 2550 epti-

589 2550 809 2613 formis
850 2560 1063 2614 autem
1086 2549 1361 2614 laetania
1383 2550 1569 2613 ideoa
1593 2549 1766 2613 dicta
1788 2559 1900 2630 est,
1941 2550 2092 2634 quia
2121 2552 2325 2614 omnis
2349 2549 2525 2613 urbis
2544 2547 2823 2634 populus

591 2708 636 2762 a)
668 2712 777 2750 deest
810 2711 844 2752 O
880 2714 920 2752 1.
956 2713 995 2751 2.
1031 2711 1071 2750 3.
1105 2713 1147 2750 D
1180 2713 1221 2750 2.
1254 2711 1295 2751 3.
1326 2711 1363 2749 F
1400 2713 1448 2759 13
1481 2714 1527 2751 et
1556 2712 1667 2752 licet
1700 2713 1737 2751 F
1768 2714 1816 2761 13
1856 2713 1966 2752 licet
1998 2712 2141 2752 etsie
2173 2710 2213 2751 G
2243 2712 2285 2750 4.
2409 2709 2455 2763 b)
2483 2712 2545 2750 ica
2577 2708 2824 2754 Α1.’2.4.

591 2772 633 2809 D
669 2772 706 2811 1.
737 2771 775 2810 Ε
813 2771 861 2818 1;
894 2770 1054 2810 eadem
1085 2770 1280 2809 basilica
1311 2769 1352 2809 A
1383 2770 1423 2807 4
1459 2769 1501 2808 D
1537 2770 1580 2809 2.
1615 2771 1666 2820 85
1700 2772 1894 2811 eandem
1923 2772 2163 2811 basilicam
2195 2771 2333 2812 ceteri.
2353 2793 2404 2801 —
2434 2780 2603 2820 aquam
2635 2771 2675 2810 Α
2707 2772 2749 2811 2.
2784 2770 2823 2811 3.

591 2825 633 2878 c)
666 2829 836 2868 Urbem
866 2828 903 2866 F
936 2830 976 2870 1.
1012 2827 1110 2870 Gl.
1144 2829 1182 2869 8.
1215 2828 1258 2869 4.
1381 2825 1427 2878 (1)
1459 2832 1639 2877 partem
1670 2829 1810 2868 aliam
1841 2830 1950 2879 1³15
1983 2830 2077 2869 alia
2109 2827 2150 2870 G
2173 2829 2298 2870 1-4.
2345 2849 2396 2860 -
2430 2830 2479 2868 in
2512 2831 2673 2870 eadem
2705 2825 2824 2869 A‘3.

590 2884 634 2938 e)
665 2887 928 2936 presubruti
959 2887 997 2926 Α
1020 2888 1065 2935 1;
1098 2886 1399 2926 inundatione
1437 2909 1486 2916 —
1518 2888 1633 2927 haec
1664 2888 1747 2927 dee.
1781 2887 1880 2928 A2.
1972 2888 2008 2939 f)
2036 2889 2148 2927 dem
2177 2887 2275 2929 As.
2366 2885 2413 2938 g)
2446 2888 2631 2928 fuerant
2662 2887 2702 2927 G
2721 2890 2762 2928 1.
2780 2889 2821 2930 2.

588 2943 637 2996 h)
668 2950 877 2995 tempore
909 2967 961 2975 —
996 2946 1334 2985 veronensium
1365 2945 1449 2985 cles.
1485 2945 1520 2984 C
1540 2948 1560 2984 1
1597 2946 1704 2998 (non
1737 2946 1772 2988 C
1804 2945 1864 2997 2).
1984 2947 2019 2998 i)
2052 2947 2175 2986 nulla
2204 2946 2358 2996 capitis
2389 2946 2603 2986 distinctio
2637 2945 2695 2987 G.
2727 2947 2819 2987 edd.

588 3002 639 3054 k)
674 3008 721 3045 et
753 3025 803 3033 —
853 3008 1133 3053 occuparent
1176 3004 1260 3044 des.
1294 3005 1332 3044 A
1368 3006 1409 3043 1.
1562 3003 1596 3056 1)
1621 3009 1722 3054 post
1769 3016 1882 3044 corr.
1928 3016 2098 3054 magna
2127 3007 2164 3045 Ρ
2197 3008 2234 3047 1.
2384 3003 2448 3056 m)
2480 3006 2825 3046 multitudinem

591 3061 667 3114 (—
698 3073 758 3102 ne
788 3063 833 3101 F.
858 3064 899 3103 2.
934 3061 974 3102 G
1008 3065 1049 3102 1.
1081 3061 1127 3112 4)
1176 3062 1424 3102 draconum
1468 3063 1505 3101 F
1542 3062 1599 3102 1?
1627 3065 1667 3104 2.
1717 3063 1758 3104 G
1792 3066 1832 3104 1.
1866 3061 1925 3105 ’2.
1959 3065 2000 3104 8.
2033 3066 2074 3105 4.
2226 3061 2274 3114 n)
2308 3065 2370 3103 ita
2416 3064 2458 3103 A
2492 3067 2531 3107 1.
2561 3066 2601 3105 Ε
2635 3067 2676 3105 1.
2710 3065 2747 3103 P
2780 3065 2822 3103 1.

593 3120 634 3161 G
669 3123 714 3170 13
746 3122 869 3161 desc.
902 3122 1040 3161 ceteri.
1177 3119 1221 3172 o)
1256 3121 1356 3161 dev·
1388 3122 1510 3161 unde
1542 3121 1583 3161 A
1616 3125 1656 3162 1.
1688 3124 1728 3163 Ε
1765 3125 1803 3162 1.
1836 3123 1873 3161 F
1908 3125 1949 3162 1.
1982 3122 2022 3163 G
2055 3124 2095 3166 3.
2126 3124 2168 3162 4.
2202 3122 2324 3170 Quod
2352 3124 2398 3162 in
2430 3124 2657 3173 archetypo
2677 3123 2821 3171 fuisse

588 3179 769 3220 videtur.
904 3179 952 3230 p)
985 3180 1077 3219 vim
1109 3180 1146 3218 F
1181 3182 1232 3230 ¹3
1278 3180 1388 3220 deest
1421 3178 1462 3219 G
1496 3183 1536 3221 1.
1572 3182 1612 3220 2.
1749 3178 1798 3232 q)
1829 3191 1953 3231 papa
1983 3182 2020 3220 F
2054 3185 2093 3222 1.
2229 3180 2268 3233 r)
2301 3182 2411 3221 deest
2444 3181 2499 3223 G.
2546 3205 2597 3213 —
2630 3192 2820 3223 venera·

586 3238 681 3278 bile
712 3239 749 3277 F
783 3240 824 3279 1.
973 3236 1013 3290 s)
1045 3242 1252 3288 pastores
1295 3240 1596 3289 interemptos
1629 3240 1663 3281 O
1695 3236 1755 3282 ’1.
1904 3237 1941 3290 t)
1973 3242 2195 3290 populum
2240 3241 2295 3281 E.
2345 3240 2406 3290 G;
2458 3251 2508 3281 se
2550 3241 2600 3280 in
2631 3251 2676 3290 p.
2721 3241 2763 3278 D
2803 3242 2820 3279 1

589 3307 610 3335 e
639 3308 771 3343 corr..
804 3302 841 3336 et
871 3298 935 3337 ita
966 3298 1046 3336 alii
1060 3299 1116 3338 D.
1238 3295 1286 3347 u)
1316 3308 1472 3338 novum
1503 3303 1633 3348 caput
1662 3299 1888 3348 incipiunt,
1922 3299 2038 3348 quod
2052 3305 2174 3339 xxv.
2205 3304 2437 3339 numerant
2469 3299 2525 3350 (et
2540 3295 2820 3349 ricperqunt)

588 3355 629 3395 A
664 3358 702 3396 1.
735 3355 777 3398 2.
811 3357 853 3394 D
886 3357 923 3399 8.
958 3357 996 3396 Ε
1032 3358 1071 3397 1,
1107 3357 1150 3396 Η
1185 3359 1233 3406 1;
1265 3362 1404 3396 xxlv.
1443 3358 1708 3406 praecedens
1753 3369 1787 3399 c.
1822 3358 1893 3397 28.
1924 3358 2216 3410 adjunqeneea,
2260 3357 2302 3397 A
2332 3360 2374 3398 4.
2409 3358 2453 3399 5.
2482 3358 2519 3396 F
2553 3359 2594 3397 2.
2628 3357 2670 3398 5.
2707 3357 2748 3396 G
2779 3358 2824 3400 2.

588 3411 636 3465 v)
669 3412 710 3455 G
728 3417 751 3453 1
785 3415 832 3454 in
863 3416 1055 3464 mar-qim
1085 3416 1230 3466 adjicit
1261 3416 1351 3455 alia
1380 3417 1454 3455 sed
1482 3427 1640 3456 coaeva
1669 3425 1827 3457 manu:
1861 3417 2130 3456 Invenimus
2161 3417 2271 3466 quia
2293 3423 2377 3458 cm
2405 3427 2482 3457 an.
2511 3417 2601 3456 fuit
2630 3415 2822 3455 Ambro-

587 3474 683 3513 sius
714 3477 899 3514 sanctus
932 3475 1173 3524 episcopus
1205 3478 1342 3514 antea
1373 3485 1509 3524 quam
1543 3486 1581 3516 s.
1615 3474 1866 3523 Gregorius
1896 3485 2044 3524 papa3
2086 3476 2135 3514 in
2165 3475 2207 3514 A
2239 3473 2286 3515 ’4
2329 3487 2430 3515 vero
2471 3476 2700 3515 annotatio
2730 3486 2820 3513 am·

583 3533 704 3581 plior
733 3533 782 3571 in
812 3534 1006 3582 mar-qim
1036 3534 1190 3582 ἱερέων
1219 3544 1353 3573 manu
1383 3534 1448 3572 vel
1477 3535 1621 3574 eadem
1651 3534 1717 3573 vel
1743 3544 1900 3572 coaeva
1943 3534 2137 3583 scripta:
2184 3533 2329 3582 Quem
2375 3535 2458 3574 ille
2502 3535 2682 3584 apicem
2712 3533 2823 3573 totis

586 3590 763 3631 viribus
890 3622 901 3633 .
937 3592 1144 3632 ordinari
1174 3593 1395 3643 precepit.
1483 3590 1545 3643 w)
1578 3602 1720 3632 unum
1755 3591 1790 3632 C
1815 3592 1889 3631 4b.
1924 3591 1979 3633 G.
2014 3592 2063 3634 61.
2098 3592 2262 3642 Neap.;
2294 3603 2413 3633 unus
2443 3594 2480 3632 Ρ
2501 3595 2565 3634 1.·
2627 3590 2676 3643 x)
2709 3593 2821 3631 aecae

586 3650 627 3690 A
661 3651 710 3699 13
755 3650 861 3689 dum
893 3651 909 3689 i
940 3652 1090 3690 Deum
1116 3650 1157 3690 A
1189 3653 1239 3700 23
1285 3651 1392 3691 dum
1439 3651 1504 3691 ibi
1550 3652 1800 3691 Dominum
1833 3651 1875 3690 d.
1905 3650 1942 3688 F
1976 3653 1999 3689 1
2047 3662 2068 3691 c
2098 3662 2239 3701 corr.;
2285 3653 2391 3691 dum
2438 3652 2485 3692 in
2529 3651 2681 3692 Deum
2713 3651 2756 3690 D
2793 3652 2814 3689 1

587 3718 712 3746 eraso
743 3709 807 3759 in,
838 3709 1016 3758 ideoque
1047 3709 1095 3749 hi
1125 3709 1238 3749 deest
1267 3710 1311 3749 D
1345 3710 1387 3749 2.
1422 3705 1514 3749 ‘3a.
1549 3711 1590 3750 8.
1626 3711 1696 3760 10,
1728 3714 1766 3748 et
1796 3710 1859 3748 ita
1889 3710 2015 3748 etiam
2046 3710 2081 3751 C
2115 3712 2167 3759 13
2214 3711 2465 3750 Dominum
2497 3710 2578 3748 alii
2606 3711 2675 3759 D;
2706 3710 2819 3748 deut

586 3767 621 3804 Ρ
653 3765 692 3806 5.
729 3788 782 3796 -
815 3777 994 3816 precar.
1025 3766 1066 3806 A
1099 3769 1140 3808 2.
1174 3769 1214 3809 3.
1249 3764 1310 3807 ’8.
1343 3768 1382 3807 Ε
1418 3770 1459 3809 1.
1492 3768 1533 3805 G
1567 3769 1697 3809 1-4,
1816 3765 1864 3818 y)
1896 3768 1961 3806 ita
1991 3766 2033 3806 A
2061 3771 2105 3809 1.
2138 3769 2180 3811 2.
2212 3768 2253 3808 3.
2285 3769 2322 3807 Ρ
2358 3770 2397 3809 1.
2432 3768 2474 3809 G
2506 3770 2556 3817 13
2588 3769 2821 3817 octoginta

588 3823 624 3863 0
657 3827 698 3875 1,
729 3824 821 3865 alii.
943 3825 986 3877 z)
1018 3827 1081 3865 ita
1112 3824 1153 3864 A
1187 3828 1209 3866 1
1244 3826 1377 3879 (corr.
1409 3824 1614 3878 terram).
1643 3827 1680 3865 F
1715 3828 1755 3870 1.
1788 3826 1830 3867 G
1862 3827 1911 3875 13
1942 3830 2112 3867 terram
2142 3827 2281 3867 ceteri.
2403 3825 2449 3878 a)
2480 3827 2591 3867 acm
2623 3826 2665 3868 G
2697 3827 2739 3868 3.
2771 3828 2819 3866 4.

591 3952 647 4022 1)
685 3953 835 4007 Diae.
875 3955 990 4019 III,
1033 3958 1133 4015 19‚·
1171 3972 1321 4021 quem
1358 3955 1568 4007 Paulus
1607 3957 1701 4009 hoc
1738 3958 1847 4009 loco
1884 3952 2136 4023 sequitur.
2295 3957 2354 4023 2)
2394 3957 2549 4026 Grey.
2590 3958 2669 4010 M.
2707 3960 2742 4009 l.
2784 3959 2821 4010 l.

585 4028 646 4096 3)
686 4028 772 4079 Εε
811 4028 965 4096 Grey.
1014 4029 1139 4078 Pur.
1181 4029 1246 4090 X,
1293 4030 1353 4088 l,·
1390 4034 1449 4080 ut
1476 4057 1545 4067 -
1571 4036 1934 4094 remanereut3
1972 4033 2140 4082 virum
2179 4031 2573 4095 venerabilem3
2611 4036 2666 4082 et
2701 4033 2819 4083 sine

586 4117 733 4152 mora
772 4103 993 4152 extinxit
1028 4101 1233 4152 Paulus
1272 4101 1499 4164 addidit,
1535 4102 1666 4153 alibi
1692 4102 1852 4154 verba
1889 4103 2126 4156 mutavit.
2223 4101 2303 4168 (ff.
2354 4103 2414 4155 Γ.
2454 4101 2699 4170 Greqorii
2736 4104 2818 4157 M.

586 4191 629 4223 c.
674 4175 758 4236 10,
817 4190 953 4239 quae
997 4174 1227 4242 propius
1274 4173 1348 4223 ad
1387 4173 1543 4242 (ἶνες.
1591 4175 1722 4225 Tur.
1787 4175 2005 4238 accedit,
2060 4175 2155 4226 ubi
2189 4191 2313 4227 vero
2352 4176 2544 4227 verba.-
2604 4183 2659 4227 et
2696 4179 2815 4228 sine

587 4261 732 4297 mora
771 4248 993 4298 extinxit
1013 4247 1135 4312 jam
1172 4247 1430 4313 leguntur.
1611 4247 1671 4314 4)
1709 4246 1796 4297 Ea:
1835 4247 1989 4314 (ἔτερ.
2035 4247 2163 4299 Tur.
2201 4247 2270 4311 Χ,
2310 4249 2361 4312 2,
2419 4247 2513 4313 qui
2542 4246 2700 4301 etiam
2736 4266 2818 4301 se·

588 4318 804 4382 quentia
824 4319 1014 4384 fusius
1048 4328 1256 4369 narrat.
