3042 4909
577 401 611 450 4
1035 399 1258 451 PAULI
1296 399 1645 451 HISTORIA
1681 397 2355 451 LANGOBARDORUM.

579 567 733 631 dam
791 576 850 629 et
913 568 1435 631 continuandam
1452 579 1495 629 ¹.
1610 566 1793 640 Quae
1859 589 2002 630 cum
2060 565 2193 631 alio
2249 567 2815 633 Monumentorum

577 651 902 715 volumine
960 650 1213 715 edenda
1270 654 1385 733 sit,
1446 651 1524 714 de
1584 652 1726 737 ejus
1784 650 2055 716 consilio
2113 659 2172 713 et
2224 650 2443 716 indole
2488 651 2592 716 hic
2635 650 2818 735 loqui

579 735 1091 820 supersedemus.

747 817 830 883 Si
869 818 1277 902 epitaphium
1305 816 1532 881 Ansae
1573 819 1867 904 reginae,
1910 819 2142 881 matris
2172 815 2604 904 Adelperqae,
2651 841 2816 903 quae

578 925 724 966 cum
780 903 925 966 viro
971 901 1320 966 Desiderio
1379 901 1532 966 eoeul
1588 902 1662 965 in
1712 902 2071 966 Franciam
2134 901 2416 966 abducta
2475 912 2647 983 erat,
2706 903 2818 967 sed

578 985 984 1086 sepulturam
1026 988 1100 1049 in
1135 986 1378 1069 patria
1416 995 1597 1049 terra
1641 995 1863 1067 nacta,
1908 995 2072 1050 recte
2115 984 2326 1049 Paulo
2368 986 2701 1067 tribuitur,
2744 988 2817 1050 in

579 1071 682 1134 his
727 1070 926 1134 annis
971 1067 1353 1134 collocanda
1398 1072 1521 1133 erit
1539 1080 1581 1132 ².
1669 1070 1831 1134 Alia
1873 1091 2121 1155 quoque
2174 1079 2329 1133 tunc
2381 1091 2525 1155 eum
2568 1091 2819 1154 compo-

579 1154 787 1217 suisse
845 1155 1178 1234 carmina,
1237 1152 1467 1239 qualia
1502 1155 1892 1237 posterioris
1937 1155 2083 1218 aevi
2132 1155 2480 1237 scriptores
2522 1155 2584 1217 ei
2638 1153 2820 1217 attri-

578 1237 817 1383 buunt,
880 1236 1231 1301 verisimile
1293 1245 1414 1318 est,
1478 1259 1596 1301 nec
1650 1247 1863 1301 tamen
1925 1238 2083 1302 certi
2138 1236 2498 1322 quidquam
2540 1246 2821 1301 statuere

603 1324 782 1387 icet-³.

745 1404 973 1489 Neque
1016 1412 1405 1486 compertum
1435 1403 1761 1485 habemus,
1806 1413 2024 1466 utrum
2053 1413 2208 1466 tunc
2249 1406 2555 1487 temporis
2600 1425 2820 1469 sacros

568 1490 718 1572 jam
746 1489 1062 1571 receperit
1090 1487 1375 1566 ordines,
1462 1485 1658 1549 uibus
1690 1496 1926 1569 postea
1970 1509 2114 1551 eum
2139 1487 2477 1551 traditum
2505 1489 2817 1552 videmus.

587 1570 762 1636 Certe
814 1571 1034 1651 libros,
1080 1569 1314 1656 quibus
1370 1509 1462 1634 ad
1504 1570 1847 1634 historiam
1889 1570 2263 1634 Romanam
2308 1571 2820 1653 componendam

583 1676 748 1739 opus
791 1663 951 1735 erat,
985 1652 1276 1738 facilius
1319 1656 1394 1718 in
1439 1657 1836 1719 monasterio
1891 1675 2088 1738 quam
2128 1655 2203 1717 in
2255 1652 2510 1737 palatio
2564 1676 2819 1737 compa-

581 1758 736 1801 rare
831 1747 1034 1802 oterat
1048 1746 1096 1797 ⁴.

755 1760 1240 1887 geleberrimum
1283 1843 1432 1886 vero
1475 1821 1649 1885 illud
1691 1820 1762 1886 S.
1804 1821 2150 1886 Benedicti
2201 1822 2668 1885 monasterium
2718 1820 2819 1883 in-

540 1917 545 1922 “
583 1926 847 1990 gressus
891 1914 1011 1986 est,
1064 1905 1178 1971 ubi
1220 1908 1416 1969 etiam
1456 1906 1734 1969 Ratchis
1775 1926 1894 1968 rex
1935 1903 2099 1969 solio
2140 1927 2211 1968 re
2261 1903 2358 1968 ali
2401 1904 2681 1989 dejectus
2723 1926 2822 1967 re-

562 1988 846 2074 fuqium
886 1991 1152 2053 invenit.
1222 1990 1362 2053 Nec
1390 1990 1599 2071 video,
1644 1989 1806 2075 quid
1833 1997 2010 2068 vetet,
2054 2012 2133 2053 ne
2220 1986 2443 2052 aulum
2473 1990 2624 2074 jam
2667 1997 2822 2052 tunc

582 2094 798 2157 reqem
839 2082 1126 2137 secutum
1168 2094 1299 2137 esse
1342 2082 1709 2137 statuamus
1723 2081 1766 2133 ⁵.
1854 2070 2056 2135 ‘Exul
2073 2120 2092 2154 ,
2146 2074 2379 2155 inops,
2430 2073 2693 2154 tenuis’,
2751 2079 2825 2134 ut

399 2176 477 2228 ’μ
495 2177 567 2219 15.
584 2158 805 2241 ipsius
865 2158 1078 2221 verbis
1118 2165 1302 2238 utar,
1362 2179 1626 2220 carmen
1684 2157 1783 2218 ¹'in
1841 2153 2103 2219 laudem
2147 2156 2218 2220 S.
2262 2154 2606 2220 Benedicti
2656 2176 2820 2218 com·

590 2297 646 2367 1)
683 2299 930 2366 Epistola
966 2296 1297 2367 Adelperqae
1332 2299 1497 2350 missa
1528 2298 1764 2365 primum
1801 2317 1837 2349 a
1876 2297 2241 2364 Champollion
2277 2298 2337 2349 in
2374 2297 2555 2349 Amati
2591 2295 2819 2349 editione

570 2391 636 2442 p.
668 2372 876 2436 XXIV,
907 2381 1033 2438 post
1071 2390 1106 2422 a
1142 2372 1495 2438 Papencordt,
1538 2372 1723 2425 Gesch.
1762 2372 1818 2423 d.
1864 2372 2037 2423 Vand.
2075 2371 2400 2438 Herrschaft
2426 2389 2491 2437 p.
2520 2371 2626 2422 398
2666 2369 2818 2438 (inde

584 2446 749 2498 Dahn
789 2464 853 2512 p.
897 2443 1024 2512 77),·
1068 2445 1386 2509 Endlicher,
1441 2445 1614 2498 Gatal.
1665 2445 1778 2499 cod.
1824 2445 1962 2511 phil.
2012 2445 2170 2496 Vind.
2208 2444 2257 2507 Ι,
2297 2461 2361 2510 p.
2388 2445 2529 2505 306,-
2574 2460 2746 2510 nuper
2786 2462 2821 2494 a

580 2519 800 2582 Hartel,
851 2517 963 2569 SB.
1001 2518 1056 2569 d.
1100 2518 1172 2568 W.
1210 2518 1406 2581 Aload„
1444 2518 1658 2582 LXXI,
1699 2536 1763 2584 p.
1792 2519 1926 2581 294,
1974 2519 2122 2584 prelo
2176 2517 2406 2583 subjecta
2442 2526 2536 2570 est.
2577 2546 2637 2556 -
2682 2516 2819 2569 Ante

583 2609 636 2641 a.
679 2593 800 2642 774.
851 2590 1104 2656 scriptam
1142 2600 1307 2655 putat
1360 2591 1527 2643 Dahn
1563 2610 1627 2657 p.
1671 2592 1740 2640 14
1774 2609 1851 2656 sq.
2013 2589 2074 2658 2)
2105 2588 2296 2643 Annus
2332 2592 2514 2642 mortis
2550 2607 2658 2642 non
2695 2606 2816 2642 con-

581 2670 703 2716 stat.
779 2663 946 2713 Dahn
971 2681 1036 2727 p.
1077 2662 1165 2714 68.
1189 2665 1309 2730 jam
1344 2661 1497 2714 Ansa
1534 2663 1663 2713 viva
1700 2662 2040 2728 compositum
2065 2672 2245 2728 putat,
2292 2663 2359 2715 de
2393 2663 2567 2715 Paulo
2605 2671 2817 2714 auctore

582 2735 809 2787 dubitat.
958 2733 1019 2801 3)
1057 2735 1359 2786 Bethmann
1402 2753 1462 2800 p.
1505 2736 1630 2786 237.
1672 2734 1795 2786 290.
1835 2736 1961 2785 292.
2004 2735 2128 2786 293.
2204 2734 2305 2785 Ille
2345 2744 2537 2799 postea
2573 2735 2632 2785 in
2667 2735 2818 2788 semi-

581 2807 737 2859 nario
788 2806 1062 2858 Verulensi
1108 2806 1335 2859 codicem
1391 2823 1434 2859 s.
1458 2806 1561 2858 XI.
1598 2807 1814 2868 invenit,
1865 2805 1959 2872 qui
2008 2806 2147 2858 inter
2194 2807 2309 2857 alia
2358 2806 2550 2858 Versus
2588 2807 2648 2858 in
2670 2809 2817 2873 festo

581 2880 642 2932 S.
682 2879 942 2932 Mercurii
977 2878 1249 2942 continuit,
1303 2897 1393 2945 ap.
1435 2879 1705 2931 Giovanni
1739 2879 1798 2929 in
1837 2880 1968 2930 libro
2006 2879 2072 2930 de
2109 2879 2281 2930 sancti
2315 2878 2462 2931 Actis
2500 2888 2548 2930 et
2586 2882 2820 2931 transla-

584 2952 723 3005 tione
762 2971 815 3005 a.
845 2953 1006 3005 1730.
1044 2951 1182 3004 edito
1212 2970 1276 3018 p.
1305 2953 1393 3004 46.
1432 2952 1730 3018 impressos,
1771 2968 1903 3018 quos
1927 2953 2168 3019 sortasse
2207 2951 2370 3006 Pauli
2419 2969 2529 3004 esse
2566 2952 2815 3018 opinatus

584 3034 658 3079 est
667 3043 685 3086 ,·
721 3025 860 3077 idem
898 3025 964 3076 de
1003 3024 1125 3076 aliis
1162 3025 1233 3076 ib.
1266 3043 1326 3091 p.
1355 3026 1480 3077 248.
1519 3024 1674 3077 editis
1710 3024 1947 3077 versibus
1971 3025 2260 3094 judicavit.
2288 3053 2360 3063 -
2385 3024 2456 3076 In
2494 3026 2608 3077 cod.
2648 3023 2815 3094 Sanq.

586 3098 688 3149 Nr.
720 3100 845 3160 573,
875 3116 940 3163 p.
968 3098 1093 3159 476,
1145 3098 1208 3150 V.
1251 3097 1327 3149 Ol.
1364 3098 1669 3151 Ditmmlero
1707 3107 1960 3161 monente,
2000 3115 2213 3151 carmen
2252 3098 2443 3166 legitur
2478 3098 2815 3165 inscriptwn:

583 3173 726 3223 Ante
774 3172 916 3223 fores
966 3170 1226 3222 basilicae
1244 3208 1257 3233 ,
1309 3171 1488 3223 eodem
1543 3172 1695 3223 modo
1745 3170 2058 3237 dispositum
2106 3188 2209 3238 quo
2259 3188 2443 3224 versus
2491 3170 2550 3222 in
2602 3172 2814 3225 laudem

586 3243 647 3296 S.
685 3242 979 3306 Benedicti,
1019 3244 1162 3310 quod
1199 3243 1278 3294 ita
1301 3243 1457 3310 finit:

876 3319 1105 3368 Pectora
1141 3323 1320 3368 vestra
1355 3324 1539 3370 sonet:
1579 3333 1743 3384 parce
1784 3324 1837 3368 et
1872 3319 2143 3379 miserere,
2180 3334 2486 3385 precamur;

950 3391 1138 3453 Parce,
1179 3390 1407 3454 Christe,
1438 3391 1667 3453 Arichis,
1704 3396 1926 3457 pectora
1962 3397 2141 3442 vestra
2180 3397 2352 3445 sonet.

585 3466 705 3519 Hoc
741 3480 945 3532 quoque
983 3463 1155 3514 Paulo
1196 3463 1432 3515 adscribi
1469 3472 1663 3529 posset.
1837 3461 1896 3529 4)
1933 3462 2117 3514 Etiam
2151 3463 2474 3528 Eutropium
2510 3462 2815 3530 Adelperqa

589 3558 625 3590 a
660 3539 832 3590 Paulo
883 3545 1073 3589 nactus
1121 3544 1214 3588 est.
1364 3538 1420 3599 5)
1470 3536 1558 3588 De
1607 3545 1836 3603 tempore
1886 3553 1988 3602 quo
2036 3535 2246 3587 Paulus
2296 3535 2549 3587 Casinum
2596 3537 2812 3598 venerit,

586 3611 726 3664 nihil
760 3619 1016 3672 constare,
1055 3610 1358 3662 Bethmann
1395 3611 1541 3662 clare
1576 3611 1820 3676 exposuit
1844 3627 1907 3675 p.
1935 3609 2070 3669 238,·
2120 3626 2187 3661 ea
2220 3625 2280 3660 re
2309 3617 2467 3662 utam
2510 3626 2647 3675 quae
2683 3610 2818 3676 Epi·

587 3683 829 3750 taphium
878 3693 926 3735 et
960 3684 1271 3750 Anonymus
1312 3681 1690 3736 Salernitanus
1737 3684 1974 3734 tradunt.
2049 3682 2283 3734 Paulum
2331 3699 2449 3734 cum
2497 3683 2814 3751 Adelperqa,

587 3757 859 3809 Desiderii
881 3755 1020 3824 reqis
1031 3757 1173 3821 filia,
1201 3756 1561 3808 Beneventum
1586 3756 1806 3818 venisse,
1845 3756 1969 3808 inde
1997 3754 2250 3807 Casinum
2279 3755 2488 3820 adiisse,
2526 3757 2656 3808 satis
2683 3773 2816 3823 pro-

588 3829 777 3880 babilis
827 3827 1206 3880 Wattenbachii
1250 3837 1382 3881 esset
1428 3832 1751 3898 conjectura,
1804 3831 1852 3881 si
1899 3828 1969 3881 iis
2002 3830 2171 3896 fidem
2220 3829 2528 3881 haberemus
2576 3846 2713 3895 quae
2751 3830 2817 3881 de

587 3902 753 3954 Pauli
787 3900 959 3968 officio
994 3899 1054 3950 in
1091 3902 1222 3951 aula
1257 3900 1531 3954 Desiderii
1562 3904 1729 3968 refert
1767 3900 2060 3954 Chronicon
2087 3902 2501 3954 Salernitanum.
2580 3901 2733 3963 Quae
2771 3901 2821 3953 si

588 3975 905 4043 rejiciamus,
943 3989 1111 4040 neque
1148 3972 1500 4038 Epitaphium
1536 3992 1836 4041 sequamur,
1874 3993 1983 4027 non
2020 3984 2109 4038 est,
2163 3991 2258 4026 cur
2296 3992 2412 4026 cum
2447 3972 2666 4025 Dahnio
2705 3974 2818 4039 opi-

587 4064 791 4110 nemur,
829 4046 1064 4097 Paulum
1111 4044 1282 4097 serius
1332 4053 1538 4097 tantum
1587 4064 1652 4100 ex
1698 4047 1967 4100 saeculari
2012 4047 2125 4099 vita
2174 4048 2232 4098 in
2277 4045 2678 4100 ecclesiasticam
2735 4048 2821 4098 vel

585 4120 952 4173 monachicam
987 4136 1097 4172 esse
1135 4127 1540 4186 transqressum.
1625 4120 1822 4188 Ubique
1859 4122 2096 4173 animum
2118 4119 2308 4185 prodit
2343 4119 2532 4171 clerici.
2607 4118 2816 4172 Nihilo-

587 4193 762 4245 minus
799 4194 1080 4255 sententia,
1135 4209 1297 4258 quam
1326 4194 1611 4259 proposuit
1650 4194 2003 4258 Giesebrecht,
2039 4193 2124 4244 De
2163 4194 2258 4245 litt.
2285 4192 2426 4244 stud.
2455 4211 2519 4257 p.
2546 4193 2633 4253 26,
2673 4202 2817 4246 stare

578 4273 769 4333 potest,
809 4267 1044 4318 Paulum
1065 4283 1174 4319 non
1207 4263 1267 4316 in
1302 4268 1620 4323 monasterio
1657 4266 1960 4320 liberalibus
1985 4265 2176 4317 studiis
2212 4282 2320 4318 esse
2356 4264 2685 4329 instructum,
2728 4267 2825 4319 sed

586 4342 763 4406 ipsum
790 4341 974 4407 potius
999 4341 1137 4395 inter
1160 4341 1414 4393 monacho
1440 4342 1797 4395 humanorum
1821 4339 2228 4406 disciplinarum
2253 4339 2454 4391 semina
2484 4340 2811 4405 dispersisse.
