3042 4909
548 403 655 451 164
842 397 1062 450 PAULI
1101 396 1449 449 HISTORIA
1486 396 2158 448 LANGOBARDORUM.
2235 396 2379 447 LIB.
2417 396 2515 447 IV.

546 568 657 655 qui
699 587 842 631 eam
882 586 1001 651 per
1040 574 1242 628 totam
1293 573 1549 627 noctem
1594 561 1847 627 vicibus
1890 562 2014 627 sibi
2058 561 2471 627 succedentes
2523 560 2791 628 libidine

544 657 876 717 vexarent.
973 646 1393 712 Postmodum
1450 668 1706 745 quoque
1762 643 1984 731 palum
2047 647 2116 708 in
2167 645 2378 710 medio
2444 667 2748 731 campum
2765 656 2791 689 ⁸¹

545 733 819 820 configib
848 732 1268 819 praecipiens,
1300 729 1568 794 eandem
1597 753 1665 793 m
1693 730 1830 794 eius
1852 730 2148 793 acumine
2176 730 2373 794 inseri
2398 731 2728 795 mandavit
2743 743 2788 812 ⁰,

545 819 704 883 haec
751 818 900 881 insu
947 838 1016 881 er
1066 838 1149 880 ex
1196 813 1515 878 robrando
1568 814 1896 899 inquiens:
1957 811 2201 878 ‘Talem
2249 823 2313 879 te
2378 814 2644 899 dignum
2695 824 2793 880 est

546 903 849 966 maritum
957 899 1148 964 abere
1171 947 1185 962 .
1269 898 1479 983 Igitur
1536 897 1674 961 dira
1728 896 2046 983 proditrix
2108 898 2353 983 patriae
2414 896 2528 961 tali
2591 899 2789 962 exitio

547 986 756 1074 periit,
815 1005 978 1070 quae
1027 981 1302 1068 amplius
1355 1004 1511 1046 suae
1553 980 1806 1045 libidini
1860 1002 2056 1066 quam
2099 981 2340 1045 civium
2401 989 2465 1044 et
2525 1002 2791 1045 consan-

596 1071 930 1133 uineorum
994 1065 1179 1130 saluti
1241 1087 1393 1151 pros
1442 1066 1594 1129 exit.
1692 1063 1894 1129 Filiae
1957 1085 2110 1129 vero
2176 1066 2314 1129 eius
2376 1086 2509 1129 non
2569 1066 2791 1130 matris

575 1153 880 1218 'bidinem
945 1159 1203 1215 secutae
1221 1197 1237 1229 ,
1314 1172 1380 1213 se
1485 1149 1794 1213 castitatis
1870 1170 2086 1212 amore
2103 1149 2133 1189 ‘¹
2207 1147 2534 1212 studentes
2612 1171 2693 1212 ne
2750 1171 2790 1212 a

545 1236 875 1302 barbaris⁰
942 1233 1556 1314 contaminarentur,
1622 1231 1967 1297 crudorum
2020 1230 2339 1317 pullorum
2390 1252 2611 1296 carnes
2666 1230 2792 1295 sibi

548 1321 715 1385 inter
756 1341 1068 1384 mammas
1112 1317 1232 1381 sub
1274 1316 1474 1381 fascia
1515 1326 1887 1401 posuerunt,
1943 1316 2144 1402 quaef
2186 1338 2271 1381 ex
2320 1314 2528 1380 calore
2571 1325 2788 1402 putre-

547 1405 753 1468 factae
820 1404 1081 1466 odorem
1160 1400 1472 1465 foetidum
1550 1399 1910 1465 exalabant.
2013 1399 2306 1486 Cumque
2371 1419 2480 1463 eas
2553 1397 2790 1464 vellent

549 1486 795 1551 Avares
850 1485 1288 1569 contingeress,
1346 1506 1479 1547 non
1531 1484 1915 1549 sustinentes
1954 1483 2282 1566 foetorem,
2325 1481 2639 1569 putabant
2680 1505 2790 1547 eas

546 1568 919 1634 naturaliter
959 1570 1051 1631 ita
1089 1567 1328 1630 foetere
1342 1567 1392 1649 ¹¹,
1437 1566 1661 1652 procul
1710 1568 1793 1632 ab
1844 1567 1937 1631 eis
1986 1589 2136 1630 cum
2177 1567 2580 1631 execratione
2618 1588 2792 1631 rece-

551 1650 807 1717 dentesi
875 1659 1067 1738 atque
1121 1651 1424 1732 dicenteS,
1488 1672 1709 1716 omnes
1763 1650 2227 1735 Langobardas
2288 1649 2562 1715 foetidas
2627 1671 2788 1715 esse.

550 1737 735 1800 Hac¹¹
794 1735 988 1821 igitur
1040 1743 1175 1797 arte
1225 1735 1586 1798 Avarorum
1625 1734 1988 1800 libidinem¹
2039 1732 2288 1821 puellae
2342 1731 2588 1798 nobiles
2645 1755 2789 1799 eva-

550 1821 791 1901 dentes,
858 1828 922 1883 et
982 1818 1164 1904 ipsae
1229 1828 1440 1882 castae
1506 1828 1792 1884 servatae
1871 1827 2021 1882 sunt
2095 1827 2160 1882 et
2221 1817 2376 1882 utile
2438 1817 2789 1882 servandae

549 1903 878 1983 castitatis,
923 1902 977 1965 si
1012 1899 1170 1986 quid
1198 1900 1322 1965 tale
1350 1901 1603 1965 feminis
1634 1903 2037 1987 contigeritm‚
2081 1900 2549 1967 mandaverunt
2577 1923 2792 1965 exem-

321 2024 392 2079 .Ρο
430 2029 533 2070 181,
550 1986 750 2074 plum.
835 1986 1018 2067 Quae
1058 1992 1283 2071 postea
1311 2007 1426 2070 per
1453 1987 1739 2050 diversas
1766 1986 2059 2071 regiones
2101 1985 2564 2067 *venundatae‚
2605 1985 2790 2049 iuxta

549 2068 946 2136 nobilitatem
1002 2090 1185 2133 suam
1247 2068 1455 2153 dignis
1520 2080 1670 2135 sunt
1729 2070 1975 2155 nuptiis
2086 2069 2277 2134 otitae
2293 2082 2341 2132 ¹¹.
2428 2069 2594 2132 Nam
2658 2089 2791 2132 una

551 2165 809 2219 earum⁰
856 2152 1357 2216 Alamannorum
1413 2155 1571 2238 regi,
1635 2151 1760 2217 alia
1811 2176 1964 2219 vero
2070 2153 2294 2217 ‘citurv
2345 2152 2789 2216 Baioariorum

549 2238 756 2324 princi
801 2238 870 2300 iq
913 2236 1226 2322 nupsisse.

436 2348 529 2403 (39)
717 2260 945 2418 ffxigit
959 2333 997 2364 ¹·-
1016 2334 1038 2366 1
1080 2340 1233 2385 vero
1261 2330 1475 2383 nunc*¹
1518 2319 1719 2403 locus,
1764 2330 1912 2407 post
1960 2322 2122 2384 osita
2149 2318 2459 2405 generali¹
2502 2318 2784 2403 historia,

547 2426 758 2491 pauca
801 2411 993 2468 etlam
1033 2403 1336 2489 privatim
1392 2402 1472 2467 de
1515 2426 1689 2486 mea,
1751 2404 1861 2488 qui
1959 2425 2072 2467 aec
2115 2404 2323 2467 scribo
2341 2452 2358 2485 ‚
2409 2402 2788 2489 genealogia

548 2497 837 2553 retexere
850 2499 898 2570 ¹¹,
943 2498 1008 2552 et
1051 2487 1201 2574 quia
1242 2509 1344 2551 res
1385 2487 1476 2550 ita
1503 2486 1814 2574 postolat*
1856 2487 2048 2573 paulo
2080 2488 2372 2574 superius
2409 2488 2787 2552 narrationis

550 2572 838 2637 ordinem
879 2569 1205 2655 replicare.
1292 2571 1391 2634 Eo
1422 2572 1699 2658 denique
1727 2581 2013 2656 tempore
2058 2593 2184 2657 quo
2214 2570 2790 2655 Langobardorum

546 2668 760 2741 gensw
808 2654 883 2717 de
911 2654 1257 2718 Pannoniis
1292 2653 1378 2717 ad
1406 2654 1655 2719 Italiam
1682 2655 1858 2720 venit
1882 2653 2253 2741 Leupchis¹¹
2295 2677 2474 2718 meus
2503 2652 2794 2719 abavusY

549 2761 635 2803 ex
662 2737 889 2802 eodem
917 2736 1533 2822 Langobardorum2
1578 2761 1811 2824 genere
1842 2760 1991 2802 cum
2021 2739 2113 2803 eis
2142 2739 2377 2824 pariter
2404 2738 2788 2804 adventavit.

550 2822 680 2903 Qui
736 2830 1077 2907 postquam
1132 2820 1434 2907 aliquod¹¹
1484 2843 1686 2886 annos
1740 2822 1810 2885 in
1848 2822 2079 2889 Italial’
2135 2822 2330 2904 vixit,
2388 2821 2559 2886 diem
2618 2821 2787 2887 clau-

549 3015 595 3068 a)
628 3017 692 3057 ica
722 3016 764 3056 A
797 3017 836 3058 1.
870 3017 912 3057 2.
943 3017 988 3059 4.
1019 3017 1057 3056 Ε
1089 3019 1131 3058 1.
1164 3019 1200 3057 F
1236 3018 1274 3058 1.
1310 3018 1352 3058 G
1384 3021 1424 3058 1.
1462 3020 1501 3060 2.
1536 3021 1579 3061 4.
1627 3020 1670 3059 H
1703 3022 1745 3063 1.
1788 3021 1811 3059 1
1845 3023 1895 3069 23
1941 3022 2069 3071 capis
2114 3032 2231 3062 corr.
2278 3023 2429 3072 campi
2462 3022 2503 3063 G
2534 3024 2584 3072 83
2632 3024 2786 3072 campi

548 3075 590 3115 A
621 3076 673 3125 8;
704 3074 907 3115 medium
954 3085 1166 3126 campum
1197 3076 1242 3116 H
1274 3077 1355 3126 δας
1403 3087 1566 3128 eampo
1597 3078 1638 3118 A
1674 3078 1714 3119 5.
1750 3080 1791 3119 6.
1823 3080 1878 3123 B.
1912 3080 1964 3122 Ο.
1993 3081 2054 3121 D.
2082 3080 2120 3119 F
2150 3081 2191 3121 4.
2225 3080 2266 3120 5.
2297 3081 2321 3120 1
2354 3083 2394 3121 1.
2532 3080 2580 3134 b)
2614 3082 2786 3121 confixi

548 3133 658 3183 A13
692 3133 888 3182 confrigi
920 3133 954 3174 G
975 3137 1024 3184 1;
1057 3135 1137 3183 figi
1168 3136 1264 3175 ΕΔ.
1385 3133 1427 3186 c)
1461 3148 1521 3177 m.
1557 3137 1716 3177 dicens
1746 3138 1784 3177 B
1806 3139 1846 3178 1.
1969 3136 2016 3189 d)
2050 3139 2198 3179 amori
2227 3138 2331 3179 As,
2362 3140 2399 3178 B
2420 3141 2492 3180 la.
2526 3140 2561 3181 G
2582 3140 2781 3180 4b.H1.

549 3191 595 3242 e)
627 3193 684 3233 ab
713 3191 880 3233 Avaris
914 3192 963 3233 C.
981 3194 1038 3234 D.
1073 3194 1167 3235 15³4.
1199 3194 1222 3234 1
1249 3195 1295 3244 83
1328 3195 1385 3235 ab
1415 3194 1593 3235 Avares
1622 3197 1660 3237 B
1679 3198 1720 3238 1.
1743 3197 1793 3245 23
1826 3197 1883 3237 ab
1912 3195 2144 3237 Avaribus
2175 3199 2213 3237 Β
2235 3200 2314 3246 1⁸3
2344 3209 2405 3238 ne
2435 3197 2665 3239 Avaribus
2696 3199 2782 3239 11.

547 3250 584 3303 f)
618 3252 693 3301 qui
726 3251 767 3290 A
800 3251 839 3290 2.
964 3252 1011 3305 g)
1044 3254 1333 3301 contingeret
1361 3254 1398 3292 F
1433 3256 1470 3293 1.
1590 3253 1638 3305 h)
1672 3255 1825 3295 facere
1857 3255 1899 3295 A
1933 3258 1971 3296 2.
2004 3256 2043 3295 Β
2077 3257 2119 3296 2.
2154 3255 2188 3296 G
2208 3258 2257 3306 13
2289 3257 2437 3298 fetere
2467 3268 2488 3297 e
2518 3268 2632 3298 corr.
2665 3257 2708 3296 D
2728 3259 2781 3306 13

546 3310 725 3350 foetare
759 3308 799 3349 G
832 3312 871 3349 1.
908 3311 947 3351 2.
1085 3308 1119 3361 i)
1152 3312 1430 3352 recedebant
1469 3313 1676 3353 dicentes
1713 3314 1756 3353 D
1792 3315 1835 3353 2.
1866 3314 1910 3354 3.
2043 3311 2092 3364 k)
2124 3315 2224 3371 Hec
2253 3314 2294 3354 A
2328 3317 2367 3357 2.
2518 3313 2552 3366 l)
2585 3317 2784 3356 libidine

545 3367 588 3408 A
620 3370 661 3409 8.
694 3369 732 3408 F
766 3369 805 3410 1.
856 3367 897 3408 G
929 3369 1059 3409 1—8.
1212 3368 1275 3421 m)
1310 3372 1591 3420 contingerit
1635 3371 1674 3411 A
1707 3370 1769 3412 ’2.
1806 3374 1849 3412 2.
1883 3373 1925 3412 3.
1957 3373 2001 3412 4.
2031 3373 2069 3412 F
2103 3375 2143 3414 1.
2180 3374 2221 3415 G
2253 3376 2295 3414 1.
2327 3375 2380 3422 43
2425 3376 2634 3422 congerit
2662 3386 2777 3415 corr.

546 3427 825 3475 contingerit
856 3426 898 3467 G
928 3428 970 3469 8.
1062 3426 1111 3479 n)
1144 3429 1369 3479 petitaeB
1388 3433 1426 3470 1.
1450 3433 1520 3471 la.
1557 3433 1607 3481 23
1637 3431 1818 3481 positae
1836 3430 1871 3471 C
1889 3429 1951 3482 ·1‚
1982 3443 2096 3470 corr.
2128 3434 2301 3482 potitae
2331 3433 2374 3472 D
2394 3434 2443 3482 13
2474 3434 2648 3483 possite
2681 3433 2717 3474 C
2736 3436 2780 3475 1.

547 3485 593 3538 ο)
624 3487 735 3526 deest
765 3485 807 3525 A
840 3486 879 3525 8.
1015 3485 1063 3540 p)
1097 3488 1206 3526 deest
1237 3487 1279 3527 A
1307 3489 1349 3530 8.
1385 3488 1426 3530 G
1458 3489 1500 3529 2.
1635 3488 1682 3540 q)
1716 3501 1761 3539 p.
1796 3491 1919 3538 regis
1951 3501 1998 3533 n.
2031 3492 2069 3530 B
2105 3493 2148 3532 1.
2271 3489 2311 3542 r)
2339 3502 2499 3530 novum
2539 3503 2637 3541 cap.
2670 3491 2777 3532 inci-

538 3545 670 3594 piunt
701 3543 743 3583 A
776 3546 815 3586 1.
851 3545 892 3586 2.
925 3544 968 3585 5.
1003 3544 1053 3586 0.
1085 3545 1144 3585 D.
1175 3547 1231 3585 Ε.
1262 3547 1310 3588 F.
1342 3547 1386 3587 H
1419 3549 1459 3588 1.
1490 3548 1555 3597 L;
1589 3548 1706 3597 quod
1734 3554 1887 3589 contra
1917 3550 2098 3589 indicem
2115 3549 2287 3598 saecum
2318 3561 2406 3589 esse
2436 3556 2644 3600 apparea
2677 3550 2715 3590 A
2750 3553 2773 3590 1

543 3613 744 3643 numeros
774 3603 1059 3655 conturbavit,
1089 3615 1187 3653 cap.
1228 3607 1490 3653 praecedens
1519 3611 1720 3657 XXXVII,
1750 3608 1827 3646 hoc
1856 3612 2096 3659 xxxvnn,
2125 3610 2347 3658 sequentia
2376 3613 2595 3658 mvm,
2618 3614 2777 3656 xxxx,

543 3667 723 3710 xxm,
753 3660 907 3700 iterum
936 3668 1115 3713 xxxxl,
1147 3667 1220 3703 etc.
1253 3665 1448 3714 siquam.
1511 3665 1568 3704 In
1601 3663 1642 3704 G
1677 3667 1698 3703 1
1731 3667 1822 3705 alia
1866 3676 2024 3705 manu-⁹
2067 3678 2226 3707 coaeva
2256 3668 2322 3706 hic
2350 3671 2389 3706 ee
2433 3667 2482 3704 in
2501 3667 2594 3716 fine
2624 3667 2779 3718 capitis

543 3727 706 3755 crucem
730 3719 893 3771 posuit,
925 3720 995 3758 cui
1024 3721 1279 3771 adscripsit:
1323 3724 1397 3764 De
1429 3725 1519 3763 ista
1551 3733 1686 3762 cruce
1718 3725 1768 3763 in
1814 3727 1953 3765 antea
1981 3735 2129 3774 usque
2160 3727 2218 3766 ad
2265 3727 2360 3766 alia
2390 3726 2575 3774 require
2606 3726 2662 3765 de
2694 3726 2777 3766 ille

545 3784 649 3815 omo
682 3778 761 3824 qui
791 3777 914 3818 hunc
944 3779 1115 3818 librum
1145 3781 1268 3822 feeit.
1418 3781 1459 3832 s)
1491 3783 1633 3821 nunlc
1664 3782 1707 3820 A
1740 3784 1778 3822 2.
1928 3781 1964 3833 t)
1997 3786 2302 3831 generalitate
2330 3784 2550 3824 historiae
2584 3783 2625 3824 G
2656 3784 2698 3825 3.
2731 3786 2776 3826 4.

542 3831 592 3883 u)
624 3839 887 3876 rextexeret
916 3838 953 3874 F
986 3838 1026 3877 1.
1177 3836 1224 3890 v)
1256 3840 1320 3878 ita
1349 3837 1392 3879 A
1423 3841 1464 3880 1.
1496 3841 1535 3879 F
1571 3842 1610 3880 1.
1644 3840 1687 3880 G
1718 3842 1759 3881 1.
1796 3862 1847 3871 —
1880 3842 2019 3890 paulo
2050 3844 2161 3882 deest
2191 3845 2229 3883 B
2266 3846 2303 3885 1.
2453 3839 2513 3892 w)
2547 3853 2628 3883 rex
2661 3842 2703 3884 G
2734 3845 2776 3885 2.

548 3914 600 3923 -
632 3893 877 3934 Pannonia
906 3896 943 3934 Β
980 3896 1020 3936 1.
1141 3895 1190 3947 x)
1222 3898 1484 3947 Leuphchis
1517 3897 1559 3938 G
1590 3897 1672 3950 δας
1719 3900 1968 3948 Leuplchis
1998 3901 2039 3940 A
2071 3900 2132 3942 ·2.
2166 3903 2204 3941 F
2236 3903 2278 3941 4.
2315 3900 2356 3941 G
2388 3901 2526 3950 1—4;
2555 3902 2774 3951 LupIchie

543 3951 582 3990 Β
619 3953 666 4001 1;
697 3953 957 4004 Leypichys
986 3954 1025 3993 Β
1060 3956 1112 4003 1;
1158 3955 1382 4006 Leupigis
1412 3958 1451 3997 Β
1487 3959 1557 3997 la.
1593 3959 1642 4006 23
1688 3958 1886 3998 Leuchis
1917 3959 1960 3997 A
1991 3961 2032 4000 6.
2068 3961 2118 4001 C.
2152 3962 2225 4009 D;
2270 3960 2467 3999 Leochls
2498 3960 2536 3998 L
2571 3962 2621 4009 13
2651 3961 2775 4001 Liaf·

542 4010 614 4057 cis
647 4009 689 4051 G
719 4011 788 4052 bc.
937 4009 986 4063 y)
1019 4013 1180 4052 abvius
1211 4013 1253 4053 A
1285 4015 1336 4063 83
1386 4026 1499 4055 avus
1550 4015 1584 4057 C
1618 4012 1679 4056 ‘1.
1714 4017 1754 4055 1.
1787 4018 1829 4056 2.
1861 4017 1904 4056 D
1943 4019 2077 4068 1—83
2124 4019 2268 4059 abhus
2298 4030 2412 4059 corr.
2446 4018 2621 4058 ababus
2650 4021 2687 4059 F
2724 4022 2776 4070 13

542 4068 775 4110 abavavus
820 4081 934 4110 corr.
981 4071 1154 4111 abavus
1189 4072 1231 4112 G
1260 4073 1302 4113 4.
1455 4071 1497 4125 z)
1530 4074 1645 4113 decet
1685 4075 1724 4114 Β
1760 4076 1810 4123 13
1856 4075 2033 4124 Langb.
2081 4078 2118 4116 F
2151 4079 2192 4119 1.
2341 4077 2386 4128 a)
2418 4078 2482 4116 ita
2511 4078 2550 4117 B
2584 4079 2625 4119 1.
2660 4080 2696 4118 F
2728 4082 2770 4121 1.

545 4124 587 4166 G
620 4128 660 4167 1.
695 4129 745 4176 23
775 4129 898 4178 infra
927 4130 1053 4168 ceiam
1082 4130 1123 4169 A
1156 4133 1196 4182 1,
1227 4131 1328 4181 αῑιῖς
1361 4133 1543 4181 aliquos
1576 4132 1675 4172 (33.
1709 4133 1761 4182 43
1795 4134 1975 4182 aliquot
2005 4135 2104 4187 Al,
2135 4136 2226 4176 alii.
2289 4137 2343 4175 Ee
2372 4136 2568 4175 similiter
2591 4142 2772 4189 postea3

542 4184 597 4232 ‹af-
624 4196 672 4232 p.
708 4187 793 4227 165
824 4198 873 4228 n.
905 4188 950 4228 k.
985 4208 1039 4218 —
1070 4192 1176 4238 post
1204 4200 1247 4231 a.
1281 4189 1322 4230 A
1353 4190 1396 4232 8.
1516 4188 1567 4242 b)
1599 4191 1784 4231 Italiam
1814 4191 1856 4231 A
1890 4194 1930 4233 2.
1964 4195 2001 4233 Β
2038 4195 2078 4233 1.

545 4331 602 4398 1)
644 4331 723 4400 CJ
752 4337 934 4401 praef.
972 4346 1208 4389 nostram
1234 4357 1298 4404 p.
1348 4343 1371 4387 1
1416 4356 1493 4405 sq.
