3042 4909
542 424 547 429 .
599 388 704 435 242
850 362 1108 436 ‘mum
1146 384 1494 435 n1sToR1A
1532 383 2199 436 LANcossAnnonum.
2274 384 2413 436 ms.
2452 386 2551 437 v1.

600 552 901 638 optenuit,
956 551 1086 614 iam
1145 559 1348 615 aetate
1401 559 1689 614 maturus
1742 550 1933 613 huius
1988 550 2160 614 vitae
2204 571 2464 614 cursum
2515 550 2829 636 explevit3

599 656 958 733 corpusque
1002 634 1139 699 eius
1167 635 1234 697 in
1276 631 1543 697 basilica
1584 630 1756 697 beati
1785 632 2056 696 Adriani
2098 635 2414 719 martyris,
2460 634 2575 699 ubi
2602 643 2667 698 et
2696 635 2830 699 eius

596 729 848 804 gemtor
906 718 1269 803 requiescit,
1330 716 1649 802 sepultum
1711 725 1824 779 est.
1931 717 2085 781 Fuit
2147 726 2364 781 autem
2428 719 2532 782 vir
2592 717 2831 782 multae

596 825 667 867 sa
714 803 975 880 ientiae,
1037 798 1299 865 consilio
1357 822 1580 885 sagax,
1623 800 1809 886 pius²¹
1850 799 2196 864 admodum
2241 812 2305 866 et
2345 802 2523 886 pacis
2566 812 2833 883 amator,

596 825 787 950 belljb
838 893 1249 971 praepetem,
1308 882 1822 982 delinquentibus
1881 882 2178 966 clemens,
2233 895 2465 968 castus,
2526 885 2834 971 pudicus,

599 980 810 1034 orator
896 969 1032 1034 ervi
1082 969 1095 983 '
1126 1016 1142 1049 ,
1185 967 1541 1032 elemosims
1576 968 1811 1052 largus,
1853 965 2203 1032 litterarum
2290 968 2507 1032 uidem
2548 970 2835 1052 ignarus,

597 1053 713 1117 sed
753 1074 796 1138 p
889 1073 1045 1137 osop
1093 1052 1143 1114 ‘s
1186 1050 1557 1137 aequandus
1576 1099 1592 1131 ,
1649 1051 1921 1115 nutritor
1965 1051 2195 1135 gentis,
2247 990 2474 1136 legum
2528 1074 2837 1136 augmen-

597 1147 779 1202 tator.
864 1136 992 1200 Hic
1034 1136 1214 1199 initio
1258 1156 1326 1197 re
1421 1135 1435 1149 ⁶
1484 1134 1585 1199 sui
1612 1134 2056 1198 Baioariorum
2097 1133 2374 1221 plurima
2402 1145 2613 1200 castra
2645 1137 2835 1221 cepit,

595 1219 738 1306 plus
768 1242 1018 1305 semper
1059 1219 1323 1283 orationi
1370 1240 1445 1281 us
1491 1239 1681 1304 quam
1746 1218 1939 1281 armis
1981 1216 2203 1296 fidens,
2259 1220 2541 1284 maxima
2581 1241 2839 1304 semper

598 1325 752 1368 cura
807 1303 1204 1367 Francorum
1245 1302 1702 1387 Avarumque⁰
1755 1324 1985 1388 pacem
2029 1303 2391 1367 custodiens
2411 1315 2454 1366 ¹.

1117 1406 1443 1480 ΙΓΙΝΙΤ(1
1494 1405 1803 1480 LIBER
1855 1404 2253 1482 SEXTUS
2277 1422 2323 1483 θ.

595 1546 642 1599 a)
672 1549 784 1587 deest
811 1548 854 1587 A
871 1546 913 1587 3.
1006 1545 1056 1598 b)
1087 1547 1257 1596 reliqua
1286 1547 1334 1585 in
1363 1546 1402 1585 B
1421 1546 1447 1585 3
1479 1547 1560 1597 legi
1587 1551 1817 1596 nequeunt.
1910 1545 1953 1597 c)
1984 1548 2096 1586 aem
2129 1546 2171 1588 G
2191 1546 2262 1588 5⁸.
2282 1558 2334 1596 ος
2367 1548 2663 1596 aliorumque
2696 1549 2734 1587 F
2755 1549 2830 1598 3⁸3

596 1605 643 1658 d)
674 1607 736 1645 ita
758 1607 797 1646 Ε
833 1608 872 1645 1.
902 1607 940 1644 F
976 1607 1026 1655 13
1058 1605 1264 1654 Explicit
1293 1605 1432 1644 ceteri.
1585 1604 1629 1657 e)
1662 1606 1718 1645 de
1747 1606 1941 1645 historia
1970 1605 2379 1654 Langobardorum
2409 1607 2510 1645 add.
2541 1605 2583 1645 A
2615 1608 2660 1657 2,
2695 1612 2743 1646 et
2774 1609 2838 1647 ul-

595 1667 733 1706 timus
763 1664 988 1704 historiae
1024 1665 1171 1713 gentis
1205 1662 1334 1715 (deest
1364 1664 1400 1701 F
1432 1661 1477 1714 5)
1509 1664 1922 1711 Langobardorum
1952 1664 1995 1703 D
2025 1664 2069 1705 4.
2101 1664 2141 1702 F
2172 1664 2213 1716 5,
2259 1665 2311 1704 in
2339 1665 2536 1705 historia
2565 1665 2839 1715 Longobar·

598 1726 760 1765 dorum
791 1723 914 1763 edita
945 1733 974 1762 a
1004 1722 1151 1762 Paulo
1182 1722 1553 1770 historiographo
1584 1723 1642 1773 H,
1674 1733 1810 1762 amen
1840 1724 1879 1762 E
1911 1724 1962 1771 13
1993 1723 2241 1772 Hystoriae
2269 1723 2690 1772 Langobardorum
2724 1725 2841 1765 liber

596 1792 664 1827 VI.
712 1782 902 1831 explicit
944 1782 988 1820 D
1024 1781 1074 1829 33
1119 1780 1324 1829 Explicit
1353 1780 1473 1819 liber
1503 1784 1659 1820 sextus
1689 1782 1825 1821 Pauli
1856 1781 1911 1820 de
1942 1783 2084 1829 gestis
2112 1781 2523 1831 Longobardorum
2567 1784 2611 1822 D
2648 1784 2703 1834 53
2751 1784 2838 1824 Ex-

608 1837 806 1887 pliciunt
835 1842 968 1888 gesta
994 1839 1404 1887 Longobardorum
1434 1837 1474 1878 A
1505 1840 1551 1879 4.
1586 1860 1639 1869 —
1673 1840 1728 1879 In
1758 1838 1800 1878 A
1832 1840 1857 1879 6
1888 1840 2064 1889 heitar:
2108 1838 2179 1880 Ab
2211 1841 2413 1881 adventu
2443 1841 2657 1890 Longob.
2693 1852 2838 1892 usque

604 1899 664 1939 ad
706 1909 878 1939 annum
909 1898 1067 1938 domni
1098 1896 1352 1937 Grimoaldi
1383 1901 1491 1937 sunt
1532 1899 1644 1937 anni
1689 1904 1853 1940 ccxm.
1909 1918 1952 1928 -
2006 1897 2135 1940 Oodd.
2180 1897 2214 1938 C
2248 1899 2375 1939 1-3.
2422 1900 2466 1938 D
2501 1901 2541 1942 1.
2572 1900 2596 1938 1
2632 1902 2657 1939 1
2694 1902 2837 1951 eapite

600 1958 673 1998 52.
704 1963 743 1997 et
773 1957 846 1998 53.
877 1967 1015 2006 supra
1047 1957 1205 1995 omissa
1235 1956 1415 1995 addunt.

602 2050 657 2117 1)
698 2050 907 2104 Nostris
959 2050 1143 2102 diebus
1182 2050 1511 2116 Liatprandi
1547 2050 1686 2117 reqis
1724 2051 1957 2102 tumulus
1993 2067 2100 2103 non
2136 2052 2195 2102 in
2242 2050 2466 2104 basilica
2503 2053 2558 2104 d.
2597 2051 2837 2106 Adriani

596 2124 860 2191 martyris,
898 2130 957 2176 ut
993 2123 1202 2175 Paulus
1239 2123 1325 2176 hic
1374 2123 1569 2185 scribit,
1622 2124 1717 2174 sed
1751 2123 1809 2174 in
1863 2125 2034 2175 altera
2080 2141 2126 2174 s.
2166 2125 2312 2177 Petri
2346 2126 2407 2176 in
2446 2125 2596 2177 Coelo
2650 2144 2834 2179 aureo.

598 2197 888 2264 Scriptores
915 2195 1235 2248 -Tici‘ne‘nses
1272 2197 1397 2248 inde
1448 2197 1764 2247 translatam
1805 2203 2020 2262 putant,
2068 2195 2224 2249 immo
2262 2197 2451 2250 iterum
2490 2199 2598 2250 loco
2639 2210 2836 2252 motum

595 2269 828 2322 scribunt
863 2270 921 2320 in
957 2270 1140 2320 eadem
1179 2268 1399 2320 basilica
1435 2269 1609 2320 sancti
1644 2267 1815 2320 Petri.-
1859 2267 2054 2335 quippe
2091 2271 2215 2321 olim
2255 2272 2328 2322 ad
2377 2272 2676 2338 inm-essum
2717 2291 2833 2324 con-

581 2342 839 2408 fessionis
867 2342 1119 2394 columnis
1158 2351 1388 2408 quatuor
1413 2340 1687 2408 impositus
1727 2341 2160 2408 conspiciebatur,
2201 2361 2345 2396 nunc
2370 2361 2493 2396 vero
2520 2362 2587 2396 ex
2625 2346 2830 2398 decreto

595 2433 704 2467 sac.
742 2433 884 2466 co‘nc.
921 2415 1155 2467 Trident.
1196 2415 1341 2466 humi
1377 2423 1578 2465 stratus
1607 2423 1728 2466 a‘nte
1757 2415 2063 2481 proximam
2102 2434 2255 2467 aram
2280 2435 2323 2468 s.
2366 2416 2620 2469 Sem-ino
2645 2419 2831 2471 Boetia

595 2489 844 2556 dicatam.
920 2488 1073 2539 Haec
1110 2486 1184 2538 ibi
1221 2489 1413 2556 legitur
1450 2488 1788 2555 epiyraplzes:

810 2561 1035 2615 Flavius
1074 2563 1177 2612 hoc
1215 2561 1418 2612 tumulo
1457 2561 1819 2628 Liutprandus
1858 2561 2117 2624 conditur,
2157 2561 2282 2612 olim

811 2633 1289 2699 Langobardorum
1326 2650 1421 2684 rex
1457 2635 1708 2699 inclytus,
1746 2650 1872 2684 acer
1906 2636 1963 2684 in
2007 2636 2167 2685 armis

810 2709 885 2758 Et
919 2707 1064 2758 bello
1102 2709 1299 2770 victor3
1339 2707 1572 2758 Sutrium
1612 2715 1773 2772 atque
1812 2708 2055 2758 Bononia
2092 2706 2303 2758 firmant

811 2780 933 2830 Hoc
975 2785 1029 2829 et
1064 2780 1376 2845 Ariminum,
1417 2796 1627 2830 necnon
1665 2780 1869 2831 invicta
1909 2778 2116 2846 Spoleti

811 2851 1054 2912 Moenia;
1094 2868 1324 2917 namque
1365 2853 1470 2903 sibi
1506 2853 1644 2903 haec
1682 2853 1912 2903 subiecit
1947 2852 2131 2903 fortior
2168 2855 2347 2905 armis.

809 2925 982 2974 Roma
1019 2939 1143 2974 suas
1180 2926 1321 2974 vires
1358 2926 1463 2975 iam
1503 2925 1711 2991 pridem
1748 2926 1851 2976 hoc
1890 2925 2058 2975 milite
2096 2925 2262 2976 multo
2359 2972 2364 2977 .

811 2996 1048 3046 Obsessa
1086 2998 1326 3061 expavit3
1370 2997 1606 3047 deindea
1644 3002 1908 3048 tremuere
1945 2998 2154 3049 feroces

810 3069 993 3134 Usque
1035 3069 1306 3132 Saraceni,
1348 3086 1480 3136 quos
1520 3070 1740 3136 dispulit
1776 3072 2020 3137 impiger,
2058 3072 2192 3137 ipsc,

813 3141 945 3191 Cum
982 3147 1285 3207 premerent
1321 3142 1524 3206 Gallos,
1561 3143 1759 3194 Karolo
1798 3149 2053 3210 poscente
2090 3145 2289 3202 invari;

809 3214 1074 3279 Ungarus,
1114 3231 1148 3264 a
1185 3214 1298 3265 solo
1338 3215 1441 3266 hoc
1479 3215 1691 3267 adiutus
1729 3217 1969 3267 Francus
2010 3221 2064 3266 et
2102 3232 2285 3267 omnes

806 3288 987 3337 Vicini
1025 3293 1180 3353 grata
1221 3289 1491 3354 degebant
1528 3305 1663 3355 pace
1701 3304 1797 3355 per
1834 3305 2034 3341 omnes.

807 3362 958 3425 Rege
997 3362 1092 3411 sub
1133 3361 1236 3411 hoc
1272 3362 1437 3425 fulsit,
1477 3361 1620 3426 quod
1653 3363 1842 3411 mirum
1884 3369 1979 3425 est,
2019 3366 2207 3411 sancta
2242 3362 2602 3429 frequensque

807 3432 1059 3498 Belligio,
1098 3439 1157 3484 ut
1192 3434 1435 3485 recolunt
1470 3435 1653 3501 Alpes,
1693 3434 1927 3485 ecclesia
1964 3449 2186 3500 quarum

808 3507 963 3556 Hanc
1000 3507 1187 3557 habuit
1216 3507 1464 3558 vincente
1502 3510 1638 3574 ipso,
1680 3512 1732 3558 et
1768 3507 2127 3574 praegrandia
2162 3506 2378 3574 templa,

809 3579 959 3640 Quae
996 3581 1183 3630 vivens
1220 3582 1426 3643 struxit,
1467 3581 1657 3646 quibus
1698 3586 1751 3631 et
1786 3581 2021 3631 famosus
2059 3581 2114 3629 in
2155 3580 2282 3630 orbe

810 3652 1033 3717 Semper
1070 3657 1124 3702 et
1162 3659 1408 3704 aeternus
1445 3652 1695 3703 lustrabit
1731 3653 1949 3704 saecula
1988 3658 2195 3715 cuncta,

806 3724 1103 3790 Praecipue
1140 3725 1300 3776 Petro
1338 3726 1560 3776 coelesti
1597 3726 1698 3775 hac
1736 3725 1866 3777 sede
1906 3718 2125 3776 dicatab

811 3794 1111 3860 clavigero,
1151 3800 1336 3848 statuit
1372 3798 1539 3849 Coelo
1579 3814 1737 3864 quam
1774 3798 2026 3865 providus
2063 3798 2269 3860 Aure03

806 3868 1133 3932 Augustinus
1173 3871 1266 3920 ubi
1301 3871 1407 3921 huc
1446 3870 1662 3921 aliunde
1702 3870 1963 3922 abductus
2005 3869 2195 3921 eodem

804 3941 956 4006 Rege
992 3942 1151 4003 iacet,
1193 3944 1341 3993 cuius
1380 3943 1625 3994 doctrina
1662 3943 1895 3994 ecclesia
1928 3942 2115 4008 fulget.
2193 3942 2287 3993 ΒῙ.

586 4007 804 4059 Editwm
843 4020 918 4064 est
953 4012 1048 4063 hoc
1085 4012 1428 4080 epitaphium,
1464 4017 1624 4066 multo
1654 4022 1780 4081 post
1815 4023 2030 4067 mortem
2066 4016 2175 4082 ejus
2198 4015 2429 4081 sactum,
2462 4014 2619 4066 etiam
2658 4034 2697 4067 a
2737 4015 2815 4068 Sa·-

585 4079 759 4146 9onio,
797 4083 881 4136 De
917 4102 1075 4153 reqno
1117 4086 1311 4138 Italiae
1367 4088 1454 4139 lib.
1494 4087 1605 4138 III
1634 4089 1741 4149 (ed.
1782 4089 1967 4152 1691),
1994 4105 2059 4153 p.
2103 4089 2188 4150 71,
2229 4087 2378 4153 cujus
2416 4104 2510 4153 ope
2547 4091 2813 4153 quaedam

589 4155 878 4220 emendavi,
918 4166 967 4208 et
1011 4158 1203 4225 Troya,
1245 4158 1369 4212 Ood.
1403 4160 1535 4225 dipl.
1578 4161 1679 4212 Nr.
1721 4162 1847 4225 564,
1886 4160 1993 4224 IV,
2022 4178 2083 4226 p.
2130 4162 2253 4214 135.

587 4259 635 4311 a)
665 4262 882 4313 deinceps
910 4263 956 4308 8.
1074 4265 1123 4318 b)
1155 4268 1306 4308 locata
1335 4268 1381 4310 S.
