3042 4909
512 406 580 453 14
966 402 1187 454 PAULI
1226 401 1579 454 HISTORIA
1615 399 2286 456 LANGOBARDORUM.

508 572 702 637 ritate
724 574 918 635 etiam
936 579 1091 654 post
1110 568 1360 634 Karolo
1377 572 1686 654 junctum
1708 570 2047 635 videamus
2061 581 2105 631 ¹.
2171 567 2305 635 Sed
2328 570 2565 634 Arichi
2592 572 2753 636 duci

509 678 633 741 quo
679 678 759 719 ue
804 654 1162 719 amicitiam
1204 653 1506 735 servavit,
1550 655 1733 737 eique
1764 676 1826 717 a.
1859 653 2001 718 787.
2042 662 2293 718 mortuo
2337 654 2749 739 epitaphium

509 679 817 820 οοπὲεοίι,
904 739 1346 802 venerationis
1416 745 1475 799 et
1548 739 1793 802 amoris
1861 738 2125 823 insiq‘ne
2209 746 2746 802 monumentum2.

510 824 831 897 Romae³,
898 822 1001 885 his
1046 822 1343 906 fortasse
1410 822 1682 898 annis-¹,
1749 823 1952 885 vitam
2009 821 2277 905 scripsit
2337 819 2649 907 Gregorii
2689 823 2744 885 I.

502 928 752 992 papae.
794 979 811 996 ·
858 906 938 968 In
1000 905 1392 969 monasterio
1465 926 1615 968 vero
1683 903 2031 971 Casiueusi
2092 925 2447 986 sermones,
2519 904 2747 989 quales

556 990 732 1054 Zures
792 997 1049 1053 eoestant
1068 998 1121 1068 ³,
1188 988 1453 1073 aliaque
1509 989 1885 1071 composuit.
1994 987 2152 1054 Cum
2206 988 2497 1053 Karolus
2558 1011 2746 1075 requ-

499 1013 640 1139 {Jam
697 1074 922 1146 ‚sancti
980 1072 1328 1137 Benedicti
1389 1080 1664 1156 peteret,
1748 1096 1791 1136 a
1853 1071 2067 1135 Paulo
2133 1071 2408 1156 epistola
2481 1073 2748 1137 ‘dictata

507 1161 636 1239 est’,
698 1180 979 1244 quacum
1039 1156 1525 1221 Theudemarus
1568 1156 1767 1220 abbas
1810 1166 1870 1221 et
1912 1165 2258 1221 conventus
2300 1151 2486 1220 illam
2529 1164 2744 1221 trans-

506 1245 826 1307 miserunt
839 1251 884 1303 ⁶.
991 1240 1340 1305 Praeterea
1402 1240 1767 1325 discipulos
1830 1241 2023 1305 etiam
2095 1239 2365 1305 aliunde
2427 1241 2747 1305 venientes

507 1328 584 1390 in
641 1325 872 1389 litteris
930 1324 1216 1388 erudivit
1228 1337 1271 1386 ⁸¹.
1367 1324 1496 1386 Per
1552 1322 1809 1387 ultimos
1866 1345 2016 1387 vero
2072 1324 2243 1388 vitae
2310 1345 2522 1388 annos
2582 1323 2747 1388 libro

509 1430 776 1493 operam
820 1410 1109 1487 navavit,
1170 1409 1286 1506 qui
1341 1409 1514 1471 inter
1555 1428 1775 1469 rerum
1814 1407 2015 1471 medii
2060 1409 2206 1471 aevi
2249 1409 2598 1491 scriptores
2641 1409 2743 1471 in-

507 1495 758 1579 signem
814 1490 1024 1555 locum
1066 1492 1203 1575 ipsi
1265 1491 1583 1554 vindicat.
1703 1489 1861 1556 Cum
1926 1491 2259 1574 quondam
2320 1491 2397 1553 de
2462 1491 2744 1555 historia

507 1576 816 1640 Romana
874 1574 1334 1639 continuanda
1393 1575 1768 1658 coqitasset‚
1832 1594 2011 1636 ‘nunc
2069 1575 2279 1659 gentis
2342 1595 2503 1636 suae
2560 1583 2745 1657 qesta

513 1764 570 1833 1)
608 1766 742 1833 Ejus
778 1763 861 1816 rei
897 1765 1165 1815 luculenta
1203 1771 1327 1814 sunt
1363 1761 1661 1814 testimonia
1698 1764 1938 1813 carmina
1976 1781 2011 1813 a
2035 1762 2236 1814 Karolo
2278 1760 2529 1814 Casinum
2563 1762 2746 1826 missa,

508 1838 573 1890 de
611 1839 802 1904 quibus
837 1856 891 1891 v.
925 1836 1230 1889 Betkmcmn
1258 1853 1321 1902 p.
1363 1835 1469 1887 248
1497 1853 1609 1902 sqq.
1763 1837 1818 1901 2)
1861 1836 2018 1897 Quod
2053 1836 2286 1888 servavit
2313 1834 2503 1887 Ukron.
2531 1833 2744 1886 Salem.

509 1910 550 1962 I
556 1948 569 1974 ,
620 1912 708 1974 20,
756 1928 816 1977 Ρ.
856 1909 982 1961 482.
1077 1907 1349 1970 Similibus
1408 1909 1581 1962 verbis
1645 1908 1905 1961 laudatur
1965 1910 2022 1959 in
2082 1908 2313 1961 carmine
2367 1907 2565 1960 inedito
2617 1905 2742 1960 ood.

507 1983 717 2037 Harlei.
759 1984 860 2035 Nr.
900 1982 1060 2046 3685,
1111 2000 1161 2034 a.
1214 1982 1271 2032 V.
1314 1979 1389 2033 Ol.
1430 1982 1733 2033 Ditmmlero
1784 1999 1982 2034 mecum
2022 1983 2417 2046 communicato,
2460 1980 2603 2048 quod
2638 1997 2747 2033 no‘n

511 2057 623 2110 siue
662 2074 830 2111 causa
875 2056 1050 2107 Paulo
1088 2054 1361 2107 tribueris:

842 2129 1151 2181 Catholicus
1190 2130 1439 2196 princeps
1477 2129 1709 2192 Arichis,
1747 2132 1858 2179 tam
1898 2145 2118 2196 corpore
2156 2127 2379 2196 pulcher

840 2203 1066 2254 Pectore
1105 2217 1370 2269 quamque
1410 2203 1583 2267 magis
1620 2204 1815 2252 virtute
1852 2203 2097 2268 insignis,
2137 2207 2191 2252 et
2229 2202 2390 2252 armis

842 2276 1038 2328 Omnia
1076 2290 1399 2342 conponens‚
1438 2291 1597 2341 quem
1636 2277 1717 2326 sic
1755 2276 2021 2340 sapientia
2059 2276 2304 2342 compsit,

840 2348 1116 2401 Redderet
1152 2353 1211 2399 ut
1248 2348 1410 2399 variis
1447 2349 1579 2399 satis
1617 2348 1819 2398 artibus
1858 2363 1977 2399 esse
2015 2353 2307 2415 potentem,

838 2424 956 2486 Quo
996 2423 1186 2474 merito
1225 2421 1387 2472 Latie
1426 2419 1637 2472 dicatur
1675 2420 1851 2487 gloria
1889 2422 2067 2487 gentis
2097 2483 2100 2488 Ι

838 2495 1137 2548 Bardornm
1178 2501 1232 2545 et
1281 2494 1507 2558 culmen,
1546 2495 1764 2561 pietatis
1804 2494 1977 2545 cultor
2016 2499 2073 2545 et
2110 2493 2291 2558 index,

838 2569 1169 2634 Iusticieque
1208 2573 1385 2630 tenax,
1424 2585 1659 2619 summus
1698 2573 1937 2626 servator
1972 2568 2209 2628 honesti;

837 2642 949 2692 Iste
988 2647 1143 2708 pater
1178 2644 1371 2707 patrie,
1409 2639 1501 2691 lux
1515 2675 1677 2690 .....
1713 2655 1868 2690 omne
1906 2655 2141 2703 suorum,

836 2714 1019 2764 Mente
1058 2716 1187 2765 satis
1225 2714 1380 2779 vigili
1417 2728 1644 2779 pensare
1685 2718 1740 2763 et
1777 2714 2023 2762 acumine
2062 2726 2257 2777 magno

838 2786 1103 2854 Tempore
1141 2801 1387 2852 supremo
1426 2789 1653 2836 ventura
1689 2783 1932 2851 pericula
1967 2784 2115 2835 seclo
2155 2791 2247 2834 etc.

505 2894 645 2946 Sunt
679 2895 920 2960 fortasse
960 2896 973 2921 ‘
989 2894 1181 2946 Versus
1233 2894 1307 2945 ad
1342 2891 1577 2945 Arechis'
1591 2930 1606 2957 ,
1650 2909 1779 2958 quos
1817 2892 2009 2944 Petrus
2052 2890 2353 2944 Casineusis
2391 2899 2620 2944 recenset
2630 2908 2650 2951 ‚⁰
2688 2909 2739 2943 v.

494 2986 558 3033 Ρ.
589 2969 657 3018 17
695 2985 752 3018 π.
901 2965 963 3034 3)
1001 2967 1200 3018 Romae
1238 2967 1489 3032 scriptam
1527 2966 1809 3019 ostendunt
1844 2965 2009 3018 verba
2059 2984 2102 3016 c.
2135 2966 2190 3014 1:
2231 2967 2286 3016 in
2323 2965 2426 3015 hac
2465 2965 2595 3016 urbe
2633 2964 2738 3016 Ro-

505 3056 693 3103 mana3
733 3041 802 3107 cf.
843 3057 887 3091 c.
928 3040 993 3091 4:
1050 3042 1192 3091 intra
1228 3040 1373 3092 urbis
1430 3041 1587 3090 huius
1643 3055 1850 3103 muros;
1908 3055 1952 3090 c.
1994 3038 2083 3089 23.
2123 3038 2223 3088 29:
2272 3039 2329 3088 in
2375 3039 2480 3089 hac
2519 3037 2737 3089 civitate

503 3115 763 3165 Romana.
837 3112 1069 3165 Paulum
1108 3120 1373 3164 auctorem
1410 3128 1518 3163 esse
1534 3149 1549 3175 ‚
1600 3128 1706 3163 ‘non
1743 3112 1911 3163 solum
1948 3111 2187 3163 codicum
2217 3111 2483 3177 probatur
2512 3111 2739 3181 auctori-

504 3194 627 3251 tate,
666 3186 760 3238 sed
796 3184 955 3236 etiam
993 3202 1110 3252 cap.
1142 3187 1230 3235 10.
1271 3183 1663 3251 comparatione
1712 3201 1831 3236 cum
1866 3184 2008 3236 Hist.
2046 3182 2219 3251 Lanq.
2247 3183 2364 3248 III,
2393 3185 2481 3235 23.
2521 3192 2571 3235 et
2610 3182 2738 3235 Gre-

498 3259 649 3325 9orio
699 3257 1023 3322 Ueronensi,
1064 3275 1128 3310 eae
1168 3275 1273 3325 quo
1324 3257 1452 3310 haec
1499 3266 1674 3309 sumta
1711 3264 1848 3308 sunt.
2000 3257 2058 3323 4)
2096 3255 2239 3308 Hist.
2279 3256 2452 3325 Lanq.
2479 3255 2596 3318 III,
2638 3256 2737 3306 24.-

503 3337 629 3384 ante
676 3331 901 3397 aliquod
916 3330 986 3399 (t)
1026 3348 1212 3383 annos.
1309 3329 1416 3382 oar
1450 3330 1754 3382 Bethmann
1798 3347 1861 3396 Ρ.
1890 3330 2015 3380 304.
2073 3329 2238 3380 vitam
2292 3331 2430 3382 hanc
2487 3329 2738 3394 scriptam

491 3412 677 3472 putet,
731 3413 1017 3471 antequam
1052 3405 1262 3457 Paulus
1297 3404 1675 3455 monasterium
1709 3402 1976 3470 inqressus
2015 3403 2083 3453 sit
2097 3440 2111 3466 ,
2166 3420 2271 3454 non
2309 3403 2480 3455 video.
2568 3402 2740 3454 Verba

501 3496 543 3530 c.
575 3478 640 3529 6.·
678 3494 775 3530 nos
813 3484 996 3530 tamen
1036 3477 1255 3529 credere
1295 3477 1454 3528 decet
1490 3475 1624 3527 nihil
1663 3492 1783 3527 eum
1809 3477 2141 3528 monasticae
2179 3476 2523 3543 perfectionis
2559 3474 2739 3542 perdi-

502 3551 646 3608 disse
686 3553 971 3604 occasione
1012 3567 1173 3606 curae
1210 3550 1513 3618 pastoralis,
1562 3550 1818 3602 monacho
1856 3549 2131 3601 convenire
2157 3557 2328 3614 patet.
2478 3545 2539 3613 5)
2576 3547 2738 3600 Beth-

498 3642 665 3678 mann
691 3642 754 3692 Ρ.
783 3625 908 3676 302.
981 3623 1249 3678 Humilias
1288 3641 1324 3675 a
1348 3623 1615 3675 Martenio
1656 3631 1704 3675 et
1728 3620 1878 3674 Maio
1917 3622 2087 3675 editas
2124 3622 2327 3690 colleqit
2363 3621 2547 3691 Miqne
2571 3620 2737 3686 XCV,

490 3715 555 3763 Ρ.
588 3698 748 3750 1566.
833 3696 1015 3756 Tertia
1064 3700 1274 3765 inteqra
1310 3697 1456 3750 edita
1505 3702 1674 3749 eaestat
1714 3713 1802 3762 ap.
1849 3694 1991 3748 Tosti
2018 3712 2081 3761 p.
2120 3694 2441 3756 106-112,·
2491 3695 2560 3762 cf.
2598 3693 2741 3747 Bibl.

502 3768 620 3822 Cas.
643 3769 690 3833 I,
703 3788 767 3836 Ρ.
791 3770 915 3820 242.
943 3769 1027 3833 ΙΙ,
1050 3789 1107 3837 Ρ.
1132 3771 1219 3822 52.
1276 3770 1359 3821 De
1378 3770 1553 3821 Paulo
1580 3775 1791 3820 auctore
1815 3769 1929 3821 siue
1955 3785 2124 3820 causa
2154 3769 2363 3820 dubitat
2381 3768 2548 3820 Dalm
2562 3785 2625 3834 p.
2650 3769 2738 3819 69.

500 3843 558 3909 6)
589 3842 838 3910 Epistula
876 3841 945 3893 ad
983 3858 1166 3910 regem
1192 3842 1448 3894 Karolum
1477 3843 1544 3893 de
1572 3844 1893 3894 monasterio
1933 3844 2107 3894 sancti
2131 3843 2417 3895 Benedicti
2443 3842 2649 3893 directa
2688 3846 2742 3892 et

499 3931 533 3966 a
568 3915 740 3967 Paulo
781 3914 1000 3966 dictata.
1076 3915 1182 3966 Ed.
1211 3914 1367 3980 Jaffe‚
1405 3915 1548 3966 Bibl.
1575 3915 1680 3966 IV.
1713 3932 1773 3981 Ρ.
1804 3915 1930 3967 358.
2011 3913 2222 3967 Codices
2262 3915 2418 3968 etiam
2442 3913 2642 3965 Romae
2678 3914 2736 3963 in

508 3988 631 4040 bibl.
671 3988 898 4041 Bamber.
924 3986 1025 4050 XI,
1056 3987 1126 4037 64
1153 3996 1201 4040 et
1235 3987 1457 4039 Tuderti
1491 3987 1628 4038 vidit
1651 3987 1976 4051 Bethmann3
2017 3986 2177 4040 Arch.
2203 3987 2339 4051 XII,
2367 4004 2431 4053 Ρ.
2460 3986 2588 4036 379.
2611 3986 2737 4036 530.

499 4060 569 4113 In
590 4078 731 4113 auno
749 4062 872 4112 791.
900 4077 1015 4112 eam
1035 4061 1251 4114 collocat
1261 4060 1445 4111 Dalm.
1528 4060 1585 4128 7)
1604 4059 1866 4112 Johawnis
1885 4060 1948 4111 G.
1970 4061 2127 4127 episc.
2146 4060 2346 4125 Neap..·
2370 4059 2520 4110 Alios
2536 4056 2734 4109 deinde

501 4133 730 4187 clericos
766 4136 824 4186 in
861 4135 1243 4186 monasterium
1283 4135 1455 4186 sancti
1494 4133 1783 4187 Benedicti
1808 4133 1976 4185 Paulo
2014 4134 2212 4186 levitae
2261 4131 2550 4184 destinavit
2600 4129 2736 4195 (epi-

499 4222 688 4274 scopus
725 4206 1078 4273 Stephanus).
1136 4208 1286 4260 Unus
1323 4222 1451 4258 vero
1492 4206 1564 4258 de
1594 4208 1715 4260 istis
1753 4207 2023 4259 Iohannes
2059 4206 2289 4268 nomine,
2329 4205 2421 4272 qui
2457 4208 2581 4272 post
2617 4203 2731 4254 dia-

500 4297 665 4334 conus
703 4280 980 4332 ordinatus
1012 4286 1094 4333 est
1108 4319 1121 4341 ,
1170 4283 1410 4348 apprime
1458 4282 1697 4333 eruditus
1749 4280 1963 4332 effulsit.
2038 4277 2142 4329 His
2192 4294 2289 4330 cur
2311 4278 2478 4346 fidem
2515 4276 2732 4343 deneyet

498 4353 663 4405 Dalm
691 4371 755 4420 Ρ.
788 4355 874 4417 73,
914 4371 1022 4405 non
1060 4354 1228 4406 video.
