3042 4909
519 424 743 476 PAULI
779 423 1129 477 HISTORIA
1165 423 1834 477 LANGOBARDORUM.
1912 425 2055 477 LIB.
2093 426 2191 479 1v.
2400 426 2504 477 163

259 613 430 658 unus
462 588 907 657 Grimoaldum
920 600 946 632 ἃ
977 589 1317 675 puerulum
1343 590 1603 656 fratrem
1632 613 1839 673 suum,
1883 591 2037 656 dum
2066 592 2460 659 existimaret
2475 594 2504 636 Β

259 685 481 762 utpote
510 673 851 762 parvulum
874 694 1068 759 super
1098 696 1334 760 equum
1359 682 1758 740 currentem⁶
1788 697 1855 739 se
1878 684 2093 741 tenere
2114 696 2243 740 non
2265 677 2505 775 possefl,

262 758 527 824 *melius
578 757 820 822 ducens
834 769 858 799 θ
909 756 1184 823 eundem
1234 756 1446 842 gladio
1503 760 1816 844 perimere
1869 779 2063 846 quam
2117 761 2501 846 capt1vitatis

262 844 488 928 iugum
541 842 873 924 sustinere,
931 862 1080 905 eum
1135 841 1430 907 occidere
1471 841 1690 908 voluit.
1777 841 1945 913 Cum
1990 843 2188 928 igitur
2236 851 2309 907 ut
2358 865 2503 908 eum

311 934 627 991 ercuteret
695 924 985 991 lanceam
1056 923 1393 1008 elevasset,
1463 946 1626 1012 puer
1692 924 2029 991 lacrimans
2102 926 2505 1009 exclamavit,

312 1011 510 1074 ’censz
556 1008 723 1073 ‘Noli
764 1007 908 1074 mer
960 1030 1282 1094 pungere,
1337 1009 1490 1095 quia
1530 1031 1793 1095 possum
1836 1031 1940 1075 me
1984 1032 2059 1074 su
2108 1021 2223 1076 erss
2266 1032 2506 1096 equum

264 1092 517 1159 tenere'.
607 1093 739 1172 Qui
767 1093 1003 1157 iniecta
1030 1093 1272 1156 manuh
1317 1114 1464 1158 eum
1507 1115 1627 1191 per
1654 1092 1990 1158 brachium
2018 1115 2057 1157 a
2101 1092 2505 1179 prehendens

265 1188 500 1263 super&
534 1175 779 1240 nudum
823 1176 976 1261 equi
1013 1175 1273 1241 dorsum
1337 1185 1557 1262 posuit
1598 1177 2000 1263 eundemque
2043 1188 2114 1243 ut
2156 1178 2212 1241 si
2252 1179 2502 1263 posseti

268 1282 336 1325 se
382 1259 706 1324 continere
749 1260 1035 1324 hortatus
1094 1268 1208 1323 est.
1300 1260 1513 1324 Puerk
1566 1282 1721 1325 vero
1764 1259 2016 1325 frenum
2067 1261 2217 1347 equi
2273 1262 2504 1326 manu¹

262 1344 596 1429 arripiens,
646 1341 963 1429 fugientes
994 1364 1332 1428 germanos
1377 1353 1441 1408 et
1482 1345 1623 1443 ipse
1667 1354 1922 1409 secutus
1967 1353 2080 1409 est.
2166 1344 2312 1425 Quo
2357 1365 2505 1408 con-

259 1435 466 1514 pert0,
524 1424 775 1490 Avares
829 1447 986 1490 mox
1041 1427 1324 1491 ascensis
1381 1450 1563 1514 eqms
1618 1449 1727 1492 eos
1835 1428 2105 1493 ersecuti
2157 1437 2335 1511 sunt3
2393 1426 2507 1492 sed

258 1509 521 1596 reliquis
565 1509 771 1575 veloci
813 1509 966 1608 fuga
1023 1509 1462 1593 evadentibus,
1515 1510 1782 1576 Grimoa
1806 1512 1849 1576 d
1946 1510 2206 1576 uerulus
2249 1510 2331 1576 ab
2375 1533 2504 1578 uno

260 1616 511 1676 eorum,
570 1594 679 1679 qui
721 1592 1004 1658 velocius
1065 1606 1461 1677 cucurrerat,
1521 1595 1793 1681 capitur.
1963 1617 2037 1660 ec
2087 1606 2303 1661 tamen
2356 1616 2506 1659 eum

259 1700 413 1743 suus
482 1679 954 1764 conprehensor
1009 1676 1223 1776 gladio
1280 1676 1469 1742 ferire
1525 1689 1797 1777 propter
1857 1679 2235 1765 parvitatem
2278 1678 2506 1742 aetatis

259 1762 558 1847 dignatus
602 1771 717 1844 est,
768 1759 882 1825 sed
926 1761 1049 1826 sib1
1091 1760 1366 1826 eundem
1405 1770 1621 1847 potius
1666 1763 2093 1827 serviturumm
2135 1763 2504 1827 reservavit.

261 1844 558 1931 Cumque
625 1867 773 1910 eum
791 1856 822 1887 ¹¹
877 1843 962 1908 ad
1028 1855 1235 1909 castra
1251 1855 1276 1887 ⁰
1342 1854 1670 1911 revertens
1749 1845 2151 1932 adprehenso
2216 1844 2502 1911 eiusdem

259 1930 409 2015 equi
463 1928 642 1993 freno
709 1928 1043 1993 reduceret
1109 1927 1316 2014 deque
1389 1938 1523 1993 tam
1574 1928 1774 1995 nobili
1834 1929 2076 2016 praeda
2091 1940 2119 1983 Ρ
2187 1926 2503 1993 exultaret

255 2052 342 2062 —-
370 2022 508 2077 erat
537 2013 706 2077 enim
735 2013 872 2097 ipse
892 2024 922 2066 ‘1
966 2011 1270 2097 puerulus
1300 2011 1576 2098 eleganti
1602 2013 1825 2095 forma,
1865 2013 2251 2079 micantibus
2281 2010 2503 2094 oculis,

254 2095 458 2161 lacteo
505 2097 675 2160 crine
718 2094 1015 2182 perfusus
1058 2119 1175 2179 —3
1220 2097 1329 2181 qui
1374 2118 1523 2160 cum
1567 2118 1635 2161 se
1680 2097 2004 2182 captivum
2047 2095 2213 2160 trahi
2241 2094 2499 2177 doleret,

537 2198 836 2284 Ingentes
881 2198 1128 2261 animos
1172 2207 1443 2283 angusto
1461 2208 1485 2240 ¹
1528 2198 1596 2261 in
1639 2206 1899 2284 pectore
1941 2218 2224 2279 versans,

258 2320 509 2382 ensem,
607 2297 817 2363 ualem
861 2300 928 2361 in
968 2296 1076 2363 illa
1116 2308 1323 2364 aetate
1373 2298 1609 2364 habere
1652 2307 1935 2384 poterat,
1978 2321 2021 2362 v
2110 2299 2124 2313 ’
2174 2319 2214 2361 a
2265 2298 2503 2362 exemit

256 2404 457 2468 seque
510 2321 863 2447 tr‘alhentem
904 2381 1246 2465 Avaremf,
1305 2381 1651 2467 quantulot
1718 2381 1947 2445 adnisu
1995 2404 2040 2446 v
2101 2383 2214 2464 uit,
2274 2380 2499 2480 capitis

253 2468 325 2530 in
351 2466 630 2531 verticeu
657 2467 989 2552 percussit.
1073 2465 1361 2551 Moxque
1391 2465 1474 2529 ad
1503 2465 1837 2531 cerebrum
1864 2466 2072 2529 ictusv
2100 2485 2503 2551 pervemens,

255 2549 514 2614 hostisW
559 2548 641 2614 ab
697 2572 731 2614 e
779 2571 862 2614 uo
917 2549 1204 2614 deiectus
1271 2560 1385 2614 est.
1480 2550 1651 2614 Puer
1713 2571 1867 2613 vero
1920 2546 2258 2613 Grimuald
2311 2569 2499 2614 verso

256 2655 424 2720 equo
467 2632 688 2718 fugam
768 2633 1167 2699 aetabundus
1211 2634 1542 2719 arripiens,
1595 2632 1857 2697 tandem
1898 2630 2202 2697 fratribus
2244 2632 2498 2695 iunctus

252 2726 352 2782 est
403 2717 621 2802 eisque
682 2716 1053 2782 liberatione
1098 2737 1231 2796 sua,
1281 2717 1619 2782 nunfiato¹
1676 2717 1938 2802 insuper
1979 2715 2177 2781 hosfis
2219 2716 2499 2797 interitu,

255 2798 719 2866 inaestimabile
749 2799 1060 2886 gaudium
1089 2800 1258 2865 fecit.
1324 2801 1572 2866 Avares
1603 2822 1755 2865 vero
1788 2821 2007 2865 omnes
2037 2798 2497 2886 Langobardos

256 2885 370 2971 qui
420 2886 552 2949 iam
595 2885 661 2948 in
700 2882 869 2949 virili
908 2892 1113 2949 aetate
1155 2893 1337 2948 erant
1376 2883 1590 2970 gladio
1633 2884 1972 2970 perimunt,
2015 2883 2313 2949 mulieres
2341 2903 2497 2948 vero

254 2977 322 3034 et
372 2967 674 3054 parvulos
737 2967 1122 3054 captivitatis
1177 2968 1328 3053 iugo
1380 2967 1691 3032 addicunt
1703 2979 1759 3032 Y.
1865 2966 2264 3031 Romildamz
2322 2987 2497 3047 ver0,

256 3073 423 3138 quae
488 3052 682 3116 totius
746 3050 1026 3115 malitiae
1093 3062 1287 3136 caput
1351 3052 1582 3133 extitit,
1662 3073 1780 3115 rex
1841 3048 2131 3115 Avarum
2148 3062 2174 3094 ἃ
2230 3059 2496 3136 propter

255 3134 718 3217 iusiurandum,
764 3135 930 3199 sicut
971 3134 1032 3198 ei
1074 3134 1521 3221 spoponderat,
1568 3144 1755 3198 nocte
1790 3155 1921 3198 una
1950 3135 2133 3221 quasi
2175 3135 2242 3198 in
2285 3133 2500 3197 matri-

252 3220 466 3283 monio
483 3220 510 3261 ¹³
554 3218 808 3301 habuit,
865 3218 1210 3282 novissime
1253 3239 1406 3283 vero
1461 3216 1799 3282 duodecim
1839 3215 2167 3282 Avaribus
2219 3216 2499 3299 tradidit,

253 3387 297 3441 a)
329 3389 393 3428 ica
423 3389 501 3429 hoo
530 3390 621 3428 loco
652 3388 780 3428 etiam
810 3388 852 3428 A
886 3390 927 3427 1.
962 3389 1004 3428 2.
1055 3406 1107 3418 -·
1154 3389 1399 3439 parvulum
1446 3387 1488 3429 G
1520 3389 1562 3431 8.
1594 3388 1637 3430 4.
1759 3385 1808 3439 b)
1843 3389 2088 3429 extimarot
2117 3389 2156 3428 E
2175 3390 2227 3437 13
2260 3388 2498 3429 estimaret

252 3449 298 3489 D
332 3449 373 3488 2.
406 3449 443 3488 F
475 3444 538 3488 ·2.
574 3446 616 3488 G
647 3447 690 3488 2.
723 3447 764 3490 8.
886 3445 928 3499 c)
962 3457 1147 3487 currere
1179 3447 1292 3497 A23
1327 3450 1565 3488 currentes
1598 3444 1723 3496 c·1;
1757 3457 1794 3486 c.
1829 3447 2033 3488 retinere
2063 3447 2101 3486 F
2132 3445 2202 3499 (se
2232 3450 2317 3487 ret.
2351 3444 2412 3497 5).
2435 3445 2495 3487 G.

253 3503 302 3557 d)
331 3510 488 3556 posset
517 3507 553 3545 1³*
586 3507 627 3546 1.
763 3503 808 3557 e)
841 3506 996 3546 dicens
1043 3516 1145 3546 esse
1175 3507 1213 3546 B
1249 3507 1290 3547 1.
1426 3504 1463 3557 f)
1496 3506 1643 3548 frater
1682 3506 1746 3545 mi
1776 3506 1876 3545 add.
1908 3505 1946 3545 B
1982 3508 2019 3545 1.
2155 3502 2204 3557 g)
2234 3505 2345 3544 deese
2378 3503 2421 3545 G
2453 3504 2494 3545 8.

251 3563 302 3617 h)
335 3575 523 3605 manum
553 3566 591 3606 Β
627 3567 676 3613 13
708 3564 928 3605 iniectam
959 3574 1149 3604 manum
1178 3565 1215 3604 F
1247 3567 1288 3606 1.
1424 3563 1459 3617 i)
1488 3566 1637 3615 possit
1665 3565 1715 3604 F.
1750 3563 1792 3605 G
1823 3564 1959 3614 1-4;
2003 3564 2121 3604 sicut
2150 3566 2309 3613 posset
2338 3560 2381 3603 G
2413 3561 2496 3611 503

254 3625 296 3664 si
328 3624 438 3663 deest
468 3622 511 3663 A
540 3624 596 3672 43
643 3623 683 3662 si
713 3634 759 3673 p.
806 3624 891 3663 dee.
922 3622 974 3665 Ο.
1007 3623 1067 3664 D.
1117 3645 1169 3654 -
1214 3633 1318 3664 sese
1348 3623 1408 3665 D.
1458 3643 1511 3653 —-
1561 3624 1823 3664 contineret
1850 3622 1889 3661 Β
1922 3622 1994 3662 1⁸.
2026 3623 2087 3664 D.
2122 3621 2164 3663 G
2195 3621 2274 3671 5c3
2318 3624 2499 3662 teneret

254 3681 298 3723 G
329 3681 413 3732 ὕας
461 3683 735 3731 contingere.
764 3681 806 3721 A
836 3678 907 3732 '43
953 3683 1227 3731 sequeretur
1256 3680 1293 3723 O
1326 3683 1366 3721 1.
1402 3683 1442 3723 2.
1473 3682 1497 3721 1
1530 3685 1553 3722 1
1605 3682 1864 3736 (continere
1909 3679 1953 3720 A
1983 3679 2115 3722 2-5.
2158 3682 2196 3722 Β
2232 3682 2272 3721 1.
2306 3680 2347 3721 2.
2380 3680 2423 3719 D
2459 3683 2498 3722 1.

249 3741 305 3785 1³.
340 3741 379 3782 G
402 3741 541 3790 1—43
572 3741 620 3780 in
651 3740 733 3780 Al
766 3741 868 3780 haec
897 3741 1052 3780 avulsa
1081 3739 1219 3792 sune).
1312 3738 1362 3792 k)
1390 3740 1786 3782 Puer-secutus
1818 3743 1890 3781 est
1917 3741 2005 3780 des.
2040 3739 2075 3781 C
2108 3742 2150 3782 2.
2241 3736 2276 3791 l)
2309 3749 2498 3779 manum

254 3799 292 3841 0
324 3795 389 3842 ·1.
418 3801 457 3840 F
491 3802 532 3842 1.
568 3799 609 3841 G
643 3800 786 3849 1-33
832 3800 948 3849 quod
967 3799 1164 3849 fortasse
1192 3799 1480 3848 recipiendum
1511 3804 1621 3840 erae.
1773 3797 1837 3850 m)
1871 3799 2110 3840 servitium
2140 3797 2182 3837 A
2214 3798 2265 3847 83
2313 3798 2373 3838 ad
2404 3808 2496 3838 ser·

252 3858 419 3899 vitium
452 3856 547 3900 01.
582 3859 630 3910 23
666 3858 878 3899 servituti
907 3859 946 3898 Β
967 3860 1006 3898 1.
1099 3855 1149 3909 n)
1182 3858 1293 3898 decet
1325 3857 1425 3900 G8.
1459 3859 1501 3900 4.
1594 3856 1639 3910 o)
1674 3861 1870 3899 castram
1898 3856 2000 3898 G8.
2091 3860 2141 3913 p)
2174 3857 2366 3907 predam
2397 3857 2495 3896 Pl.

254 3915 306 3969 q)
337 3917 447 3956 deest
480 3916 515 3958 C
549 3918 590 3958 1.
744 3913 783 3968 r)
817 3917 927 3957 deest
956 3917 995 3956 Β
1031 3918 1070 3955 1.
1105 3917 1146 3956 2.
1299 3913 1339 3967 s)
1371 3914 1525 3957 Avare
1555 3918 1592 3957 F
1625 3919 1667 3960 1.
1786 3913 1822 3967 t)
1856 3916 2129 3966 quantulum
2162 3915 2196 3956 O
2230 3917 2270 3957 1.
2304 3916 2344 3954 2.
2374 3914 2419 3953 D
2453 3916 2499 3956 1.

256 3974 301 4015 G
333 3976 461 4018 1—4.
492 3976 537 4016 H
570 3977 620 4024 13
651 3976 923 4025 quantumlo
954 3976 990 4014 F
1009 3977 1048 4017 1.
1173 3974 1223 4028 u)
1254 3976 1475 4015 verticem
1506 3974 1549 4014 A
1581 3977 1627 4025 13
1660 3975 1823 4025 capitis
1855 3976 1906 4015 in
1937 3975 2089 4026 capite
2119 3985 2235 4014 corr.
2265 3973 2317 4013 in
2347 3973 2500 4023 capite

251 4033 293 4074 F
326 4034 368 4086 1,
400 4038 437 4073 α
466 4034 530 4074 ica
559 4034 597 4073 F
628 4034 670 4075 4.
705 4032 745 4076 5.
779 4033 834 4074 G.
968 4031 1015 4084 v)
1049 4033 1160 4073 dee-53
1204 4032 1245 4074 G
1274 4033 1318 4075 4.
1351 4032 1420 4075 50.
1556 4032 1618 4086 w)
1650 4034 1773 4075 hosti
1803 4032 1845 4072 A
1877 4035 1917 4075 2.
2054 4031 2104 4084 x)
2137 4032 2351 4073 nuntiato
2381 4042 2496 4072 corr.

252 4093 470 4133 nuntiata
515 4091 557 4131 A
590 4093 631 4134 1.
665 4091 707 4134 G
739 4095 780 4134 1.
814 4093 866 4142 8;
913 4093 1129 4133 nuntiata
1156 4090 1199 4131 A
1233 4091 1274 4133 8.
1307 4093 1350 4133 4.
1379 4092 1418 4131 Β
1453 4093 1476 4131 1
1525 4091 1677 4145 (suam
1720 4093 2044 4145 liberationem
2087 4091 2301 4132 nuntiata
2340 4086 2422 4140 et).
2456 4090 2499 4132 2.

257 4151 308 4193 0.
340 4152 400 4204 D,
431 4151 532 4202 αῐιῖς
583 4151 803 4192 nuntians
833 4152 871 4191 B
905 4152 945 4192 2.
980 4171 1031 4181 -
1078 4151 1317 4191 interitum
1346 4150 1386 4189 B
1419 4151 1459 4194 1.
1492 4152 1566 4192 la.
1600 4151 1637 4193 2.
1672 4151 1706 4193 C
1739 4153 1782 4191 1.
1815 4149 1889 4191 4b.
1922 4150 1965 4189 D
2000 4151 2041 4192 1.
2073 4151 2112 4190 Ε
2148 4151 2188 4193 1.
2222 4149 2265 4192 G
2298 4150 2339 4189 2.
2370 4148 2413 4190 8.
2446 4150 2499 4200 43

254 4211 475 4251 interitus
505 4210 543 4249 F
578 4212 619 4250 1.
756 4207 805 4262 y)
838 4209 1059 4251 addicunt
1102 4220 1217 4249 corr.
1268 4209 1489 4250 abdicant
1516 4207 1561 4248 A
1593 4211 1643 4259 13
1693 4208 1916 4250 abdicunt
1942 4207 1984 4247 A
2014 4209 2058 4250 4.
2091 4209 2130 4248 Β
2166 4210 2204 4249 1.
2238 4209 2276 4249 2.
2314 4207 2349 4248 Ο
2384 4208 2423 4251 1.
2457 4208 2498 4259 2,

255 4280 370 4310 corr.
418 4269 643 4310 addicunt
691 4267 733 4309 G
764 4267 845 4318 5a3
908 4268 1129 4309 addicunt
1175 4278 1289 4311 corr.
1335 4268 1570 4308 adducunt
1613 4266 1652 4308 F
1686 4270 1725 4320 1,
1777 4271 1815 4307 et
1858 4267 1923 4306 ita
1968 4264 2011 4305 A
2042 4266 2084 4308 5.
2131 4267 2170 4306 P
2199 4266 2243 4307 4.
2293 4265 2335 4307 G
2366 4266 2495 4305 1—4.

254 4327 280 4367 1
314 4328 354 4367 1.
388 4328 440 4378 2;
488 4327 724 4368 abducunt
764 4328 808 4369 A
839 4327 882 4369 8.
930 4326 971 4368 G
1002 4327 1070 4368 50.
1222 4325 1266 4379 z)
1296 4326 1513 4367 Romilda
1555 4327 1595 4366 B
1629 4327 1670 4367 1.
1718 4326 1763 4365 D
1797 4327 1838 4366 1.
1990 4323 2036 4377 a)
2067 4324 2325 4365 Avarorum
2368 4322 2411 4363 A
2444 4324 2500 4364 1?

255 4387 294 4426 Β
332 4388 373 4428 1.
406 4387 449 4428 2.
484 4385 526 4427 G
558 4386 600 4428 8.
633 4387 691 4435 43
721 4384 927 4427 Avarum
956 4397 1074 4426 corr.
1107 4384 1366 4428 Avarorum
1400 4384 1443 4427 G
1477 4388 1516 4426 1.
1638 4382 1687 4436 b)
1719 4383 2067 4424 matrimonium
2098 4383 2136 4423 B
2171 4384 2210 4424 1.
2247 4381 2290 4424 G
2323 4385 2363 4424 1.

1934 4468 2040 4516 11*

2520 768 2542 791 ⁴
2555 785 2601 824 p.
2636 774 2736 817 180.
