3042 4909
509 407 728 460 PAULI
768 407 1114 462 HISTORIA
1153 408 1823 462 LANGOBARDORUM.
1897 408 2039 460 LIB.
2078 409 2147 460 V.
2358 406 2459 458 185

239 574 388 663 quid
449 574 527 639 de
586 573 937 639 Unulfuma
980 574 1221 640 factum
1271 575 1512 654 fuisset,
1557 574 1958 639 nuntiatumb
2002 585 2098 639 est
2140 573 2198 640 ei
2290 575 2463 674 quod

234 660 297 722 in
339 659 511 724 beati
554 657 916 744 archangeli
947 656 1320 723 Michahelis
1363 656 1691 722 basilicam
1711 668 1736 701 ⁰
1781 658 2151 743 confugium
2220 668 2460 723 ec1sset.

238 742 363 824 Qui
406 763 560 806 mox
603 741 686 806 ad
731 762 876 806 eum
919 741 1108 823 misit,
1169 750 1395 827 sponte
1436 741 1831 826 promittenS,
1877 740 2049 827 quod
2091 738 2248 804 nihil
2289 750 2463 828 pate·

233 834 405 890 retur
446 823 616 908 mali,
661 826 946 890 tantum‘¹
974 825 1041 888 in
1087 835 1243 888 sua⁰
1273 824 1397 890 fide
1439 825 1702 889 veniret.
1788 823 2064 889 Unulfus
2092 846 2243 888 vero
2273 824 2464 889 talem

235 908 439 994 regist
476 908 966 1008 promissionem
996 907 1282 990 audiens,
1312 929 1468 972 mox
1497 907 1619 972 ad&
1649 904 1957 994 palatium
1989 909 2165 973 venit
2177 910 2225 990 ¹²,
2268 918 2460 994 atque

234 991 314 1057 ad
356 1013 525 1078 regis
554 992 711 1056 vesti
762 993 825 1055 ia
864 990 1252 1076 provolutus,
1296 992 1721 1077 interrogatus
1751 989 1832 1055 ab
1864 1012 1940 1056 eo
1984 1001 2099 1075 est,
2143 991 2463 1078 quomodo

236 1084 343 1139 aut
409 1073 678 1162 qualiter
716 1013 1036 1139 {erctarit
1099 1075 1365 1139 evadere
1415 1075 1745 1160 potuisset.
1848 1077 1935 1139 At
1998 1074 2103 1140 ille
2157 1096 2302 1139 cum
2369 1076 2461 1141 ei¹

239 1167 466 1222 cuncta
508 1179 592 1222 ex
636 1156 855 1222 ordine
896 1155 1233 1238 retulisset,
1290 1179 1407 1222 rex
1459 1158 1643 1221 eiusk
1701 1157 1894 1222 fidem
1950 1167 2012 1223 et
2060 1158 2465 1245 prudentiam

238 1240 644 1322 conlaudans,
690 1262 909 1305 omnes
941 1241 1108 1305 eius¹
1153 1238 1486 1306 facultates
1517 1250 1581 1305 et
1612 1239 1918 1327 quicquid
1948 1240 2185 1307 habere
2215 1251 2463 1327 poterat

236 1323 440 1389 eidem
484 1322 826 1389 clementer
867 1324 1197 1389 concessit.

398 1409 458 1472 4.
546 1406 837 1494 Cumque
868 1418 1014 1493 post
1039 1405 1283 1493 aliquot
1303 1416 1554 1493 tempus
1582 1430 1698 1472 rex
1719 1407 2071 1473 Unulfumm
2101 1409 2463 1507 inquireret,

236 1498 447 1555 utrum
476 1488 665 1556 vellet
707 1492 864 1577 ipsis
910 1488 1135 1556 diebus
1180 1512 1327 1554 cum
1354 1492 1668 1556 Perctarit
1710 1513 1866 1574 esse,
1911 1490 2016 1556 ille
2059 1491 2465 1556 iureiurando

238 1574 341 1656 ait,
393 1574 571 1659 prius
614 1596 681 1639 se
726 1573 914 1639 vellet
928 1586 963 1616 ¹¹·
1002 1595 1150 1637 cum
1191 1575 1501 1639 Perctarit
1543 1575 1722 1653 mori,
1767 1597 1957 1660 quam
1997 1596 2270 1673 usquam
2312 1573 2466 1640 alibi

236 1657 301 1721 in
343 1658 607 1721 summis
653 1656 895 1721 deliciis
925 1657 1160 1722 vivere.
1227 1657 1410 1721 Tunc
1439 1668 1595 1722 rex⁰
1626 1658 1816 1723 etiam
1846 1658 2217 1723 vestianum
2246 1656 2463 1722 illumv

236 1741 567 1826 requisivit
610 1739 848 1821 dicens,
892 1748 1106 1805 utrum
1143 1739 1409 1804 meliusa
1455 1741 1513 1805 ei
1543 1748 1710 1806 esset
1747 1752 2007 1806 secumss
2051 1741 2116 1804 in
2159 1740 2466 1828 palatium

237 1844 490 1889 manere
503 1835 542 1905 ¹⁸,
598 1845 680 1887 an
740 1845 887 1888 cum
930 1823 1243 1889 Perctarit
1275 1825 1341 1887 in
1386 1825 1892 1924 peregrinatione
1952 1825 2181 1911 degere
2197 1837 2239 1888 ⁸.
2338 1826 2466 1906 Qui

236 1927 381 1970 cum
439 1907 497 1972 ei
550 1905 782 1971 similia
839 1907 1001 1971 sicut
1044 1911 1139 1970 ett
1192 1905 1466 1972 Unultus
1510 1929 1612 1972 res
1661 1907 1973 1989 ondisset,
2028 1921 2188 1974 rexu
2247 1931 2467 1974 eorum

237 1988 430 2055 verba
458 1989 607 2055 beni
654 2012 734 2056 ne
778 1990 1163 2089 suscipiensv
1195 2003 1587 2078 eorumquew
1663 1991 1806 2055 dem
1851 1989 2258 2074 conlaudanS,
2287 2014 2467 2078 prae·

239 2094 307 2138 ce
354 2075 404 2138 it
440 2072 613 2138 Unul
642 2095 699 2156 o,
743 2082 814 2136 ut
841 2094 988 2159 quic
1035 2072 1146 2137 uid
1175 2073 1366 2139 vellet
1394 2074 1473 2139 de
1504 2073 1694 2138 domo
1734 2096 1849 2139 sua
1891 2073 2191 2156 *tolleret,
2234 2097 2467 2161 pueros
2490 2077 2508 2098 ⁹

239 2177 305 2220 sc
356 2158 479 2221 'cet
544 2167 607 2221 et
659 2178 856 2243 equos
899 2166 962 2222 et
1055 2156 1327 2221 iversam
1386 2156 1869 2243 supellectilem,
1929 2167 1992 2221 et
2033 2157 2116 2221 ad
2156 2159 2470 2223 Perctarit

236 2238 512 2304 inlaesus
564 2249 993 2326 properaretx.
1079 2240 1230 2305 Pari
1281 2240 1472 2305 etiam
1513 2239 1705 2304 modo
1763 2250 1826 2304 et
1877 2240 2246 2305 vestiarium
2290 2240 2468 2306 illum

238 2321 530 2387 absolvit.
619 2323 748 2403 Qui
791 2322 1003 2387 omnia
1045 2344 1162 2387 sua
1205 2322 1558 2387 secundum
1616 2321 2078 2407 benignitatem
2130 2324 2297 2410 regis
2342 2326 2469 2388 suf-

235 2406 519 2471 ficienter
571 2404 876 2489 tollentes,
937 2427 1086 2470 cum
1131 2405 1415 2470 eiusdem
1457 2406 1627 2491 regis
1670 2406 2030 2471 adiutorio&
2074 2406 2467 2472 Francorum

234 2489 338 2552 in2
429 2489 655 2554 att-iam
696 2489 817 2554 ada
861 2511 1051 2553 suum
1094 2488 1396 2554 dilectum
1438 2489 1754 2554 Perctarit
1796 2499 1942 2554 sunt
1984 2490 2271 2574 profecti.

446 2621 460 2637 .
547 2572 692 2638 Hac
735 2583 863 2638 tem
911 2581 1143 2637 estate¹
1178 2573 1572 2637 Francorum
1619 2572 1980 2638 exercitusb
2022 2571 2101 2637 de
2131 2574 2470 2638 Provincia

233 2655 585 2741 egrediens,
628 2656 734 2719 in<²
774 2656 808 2720 I
899 2657 1027 2721 iam
1068 2657 1368 2721 introivit.
1456 2655 1696 2721 Contra
1740 2677 1898 2742 quos
1943 2653 2278 2720 Grimuald
2323 2678 2471 2721 cum

236 2738 722 2825 Langobardis⁴¹
787 2761 1189 2825 progressae,
1255 2738 1374 2803 hac
1442 2760 1551 2805 eos
1603 2748 1737 2804 arte
1795 2739 2065 2825 decepit.
2172 2740 2467 2825 Fugere⁰

238 2823 475 2909 quippe
521 2844 588 2887 se
631 2844 852 2888 eorum
895 2824 1203 2907 impetum
1260 2821 1586 2905 simulans,
1641 2832 1850 2889 castra
1907 2843 2026 2888 sua
2084 2822 2273 2887 simul
2325 2844 2470 2888 cum

237 2906 524 2971 tentoriis
580 2915 641 2971 et
698 2906 967 2970 diversis
1024 2907 1260 2991 pariter
1317 2905 1548 2971 referta
1589 2906 1775 2972 bonis
1818 2907 2294 3006 praecipueque
2335 2907 2471 2971 vini

238 3009 273 3053 0
324 2989 462 3054 timi
506 2989 690 3075 copia
733 2987 1095 3053 hominibus
1141 2990 1397 3054 omnino
1417 2990 1439 3034 f
1478 3010 1688 3054 vacua
1729 2989 1842 3055 rell
1888 2991 2041 3075 uitss.
2130 2991 2274 3071 Quo
2319 2991 2470 3056 dum

231 3011 625 3137 F‘Irancorum
653 3072 825 3136 acies
868 3072 1331 3155 advenissenth,
1374 3074 1810 3140 existimantes
1911 3072 2293 3139 rimualdum
2324 3096 2472 3139 cum

236 3232 283 3287 a)
318 3235 380 3275 ita
409 3234 452 3275 A
483 3235 523 3276 8.
556 3236 593 3275 Β
631 3237 670 3275 1.
704 3235 740 3274 F
775 3236 823 3284 13
871 3234 1074 3275 Hunullo
1107 3235 1142 3276 Ο
1179 3236 1227 3285 15
1274 3234 1448 3276 Uuulfo
1494 3234 1559 3275 vel
1603 3234 1811 3275 Hunulfo
1841 3235 1981 3277 ceteri.
2030 3256 2074 3266 -
2128 3237 2184 3276 de
2215 3237 2325 3276 decet
2355 3235 2397 3276 A
2429 3237 2470 3281 8.

234 3293 284 3347 b)
318 3297 447 3334 nunt.
486 3315 536 3325 —
568 3293 755 3335 fecisset
784 3294 831 3333 in
862 3304 998 3344 mara.
1023 3297 1125 3343 pose
1153 3294 1294 3343 suppl.
1327 3294 1364 3333 F
1396 3293 1430 3333 1.
1553 3290 1595 3343 c)
1628 3293 1738 3333 dccet
1771 3291 1870 3334 GB.
1994 3292 2041 3345 d)
2074 3296 2105 3335 t.
2138 3297 2189 3334 ut
2220 3292 2338 3336 A‘S.
2358 3294 2401 3335 4.
2425 3295 2468 3336 8.

236 3353 292 3393 Β.
327 3352 421 3395 Fi.
454 3352 500 3393 4.
534 3350 648 3392 G.1.
682 3348 743 3392 ’2.
778 3352 821 3392 2.
853 3351 895 3393 8.
929 3354 1059 3395 banc.
1089 3351 1172 3394 11.
1266 3350 1310 3402 e)
1343 3361 1473 3391 suam
1504 3350 1642 3391 fldem
1674 3351 1755 3401 11,
1788 3361 1808 3390 e
1837 3361 1952 3393 corr.
1988 3349 2029 3391 G
2058 3351 2100 3390 4.
2191 3350 2227 3402 f)
2261 3354 2384 3402 regie
2416 3373 2469 3383 —

235 3414 376 3460 atque
411 3411 470 3450 ad
498 3410 582 3455 dee.
617 3409 652 3451 Ο
683 3407 745 3450 ’1.
782 3412 820 3452 1.
855 3411 895 3451 2.
926 3410 978 3459 83
1024 3419 1174 3460 prom.
1210 3430 1261 3442 ·-
1306 3413 1443 3459 atque
1476 3408 1535 3449 ad
1559 3412 1661 3458 pose
1691 3409 1833 3458 suppl.
1865 3409 1907 3448 D
1942 3411 1982 3452 1.
2131 3407 2178 3461 g)
2212 3411 2324 3449 dem
2355 3410 2395 3451 A
2429 3412 2471 3451 8.

234 3467 286 3520 h)
321 3470 431 3508 deest
480 3467 521 3510 G
555 3469 607 3519 83
650 3473 749 3518 pose
793 3469 934 3519 suppl.
967 3468 1012 3515 G
1045 3469 1084 3511 1.
1119 3465 1165 3508 ’2
1215 3466 1436 3519 (vocabulo
1482 3471 1587 3507 ante
1630 3467 1689 3507 ad
1719 3478 1765 3517 p.
1799 3464 1966 3517 eraso„
2013 3468 2227 3518 pervenit
2270 3466 2310 3507 A
2342 3468 2385 3511 8.
2419 3490 2472 3500 -

236 3531 379 3577 atque
409 3527 519 3567 aeut
552 3526 593 3569 G
625 3527 665 3569 8.
817 3526 851 3578 i)
884 3528 995 3566 dem
1026 3525 1067 3566 A
1101 3528 1150 3576 ις
1182 3526 1332 3566 eidem
1365 3525 1400 3567 Ο
1434 3527 1473 3565 1.
1625 3524 1674 3574 k)
1708 3526 1751 3565 ei
1784 3524 1825 3565 G
1860 3527 1899 3565 1.
1937 3526 1976 3567 8.
2125 3522 2161 3577 1)
2194 3535 2301 3565 suan
2335 3524 2376 3566 A
2408 3524 2470 3568 ’8.

235 3583 302 3637 m)
337 3584 534 3627 Unulfue
563 3585 600 3625 F
634 3587 675 3628 1.
709 3606 761 3616 —
794 3585 1052 3635 requireret
1079 3585 1117 3624 Β
1155 3586 1193 3624 1.
1226 3582 1279 3625 G.
1402 3582 1452 3635 n)
1485 3583 1547 3622 ita
1579 3582 1616 3623 A
1647 3584 1687 3623 1.
1723 3583 1763 3623 8.
1795 3583 1836 3623 4.
1870 3585 1908 3624 Β
1941 3583 1983 3626 2.
2015 3583 2057 3622 D
2098 3584 2132 3623 1.
2165 3584 2203 3624 Β
2239 3585 2278 3625 l.
2312 3584 2470 3627 F1.4.

239 3644 282 3686 G
319 3645 358 3684 1.
391 3640 453 3687 ’2.
486 3644 528 3686 2.
561 3644 602 3685 8.
635 3643 680 3686 4.
712 3640 784 3694 '53
828 3655 874 3694 p.
904 3643 1007 3684 volo
1040 3643 1063 3683 1
1095 3642 1145 3692 83
1191 3641 1312 3683 velle
1342 3643 1380 3682 Β
1416 3644 1455 3693 1,
1486 3641 1625 3683 ceteri.
1777 3639 1823 3691 o)
1857 3651 1939 3682 rex
1986 3646 2023 3681 ee
2054 3641 2185 3682 mum
2219 3652 2317 3693 req.
2350 3644 2393 3688 d.
2424 3654 2470 3685 u.

230 3706 334 3753 pose
364 3703 504 3752 suppl.
542 3700 582 3743 G
616 3704 654 3743 1.
776 3700 825 3753 p)
859 3702 902 3743 el
935 3712 994 3744 m.
1029 3699 1067 3740 A
1100 3698 1164 3745 ’8.
1285 3697 1332 3751 q)
1364 3700 1475 3740 deest
1505 3700 1544 3740 Β
1580 3702 1619 3741 1.
1741 3696 1782 3752 r)
1817 3700 1878 3740 ita
1909 3698 2098 3742 A1—5.
2130 3701 2168 3741 Β
2206 3702 2245 3741 1.
2281 3704 2322 3743 8.
2353 3702 2396 3742 D
2431 3704 2471 3743 1.

234 3761 272 3801 Β
312 3763 359 3810 13
390 3761 759 3811 palatiumanere
788 3762 827 3802 Β
863 3762 911 3811 13
942 3760 1115 3810 palatio
1146 3770 1207 3803 m.
1236 3759 1374 3801 ceteri.
1497 3754 1536 3808 e)
1572 3757 1759 3807 degeret
1786 3758 1823 3798 E·
1858 3760 1896 3800 1.
2019 3756 2055 3810 t)
2087 3759 2196 3800 deese
2228 3760 2263 3802 Ο
2298 3764 2340 3802 1.
2373 3762 2396 3802 1
2430 3763 2470 3803 1.

234 3816 285 3869 u)
318 3830 400 3860 rex
435 3839 485 3849 --
532 3818 816 3861 conlaudans
845 3819 893 3859 in
922 3829 1060 3868 maro.
1090 3817 1232 3869 nappe.
1267 3816 1307 3858 G
1341 3818 1379 3859 1.
1509 3814 1557 3868 v)
1590 3817 1636 3857 in
1666 3816 1742 3856 hoc
1772 3817 1976 3858 vocabulo
2007 3818 2161 3858 desinit
2178 3818 2474 3870 fragmentum

234 3878 331 3917 eod.
366 3877 408 3919 G
439 3874 502 3919 ’2.
623 3876 684 3927 w)
712 3880 955 3926 utrumque
986 3877 1023 3916 F
1058 3879 1097 3918 1.
1131 3876 1171 3918 G
1204 3877 1333 3917 1-4.
1365 3875 1388 3915 1
1416 3875 1458 3926 8,
1488 3886 1605 3916 corr.
1637 3876 1879 3925 utriusque
1912 3875 1954 3917 G
1985 3875 2027 3929 8,
2060 3882 2097 3916 οε
2126 3878 2189 3917 ita
2219 3878 2314 3922 1¹4.
2350 3878 2391 3919 G
2421 3878 2472 3927 ὃς

235 3946 400 3977 eorum
432 3936 475 3976 D
508 3936 548 3976 8.
580 3936 619 3976 Β
654 3936 693 3975 1.
843 3933 892 3986 x)
923 3935 1194 3985 propinaret
1223 3934 1264 3975 A
1296 3935 1353 3983 83
1397 3937 1668 3985 prepararet
1696 3934 1732 3973 F
1767 3936 1806 3976 1.
1955 3934 2002 3986 y)
2032 3936 2311 3976 adiutorium
2343 3935 2377 3977 Ο
2409 3932 2471 3977 ’1.

235 3994 281 4035 D
322 3995 361 4045 8,
402 4004 516 4036 corr.
549 3993 776 4034 adiutorio
811 3993 852 4034 G
883 3993 932 4044 83
978 3993 1207 4034 adiutorio
1237 4004 1352 4034 corr.
1385 3992 1664 4033 adiutorium
1694 3992 1731 4032 F
1767 3994 1805 4032 1.
1957 3991 2000 4044 z)
2031 3994 2141 4034 deese
2188 3993 2223 4034 0
2255 3990 2315 4034 ’1.
2352 3995 2392 4035 1.
2426 3995 2470 4033 2.

238 4050 288 4104 a)
322 4053 432 4092 decet
461 4052 498 4091 F
530 4054 581 4103 ις
607 4056 707 4102 pose
737 4051 842 4093 aad.
876 4050 917 4093 G
950 4053 989 4091 1.
1021 4052 1074 4101 83
1104 4055 1208 4103 poet
1240 4050 1281 4092 G
1314 4050 1442 4091 διο.
1474 4070 1529 4081 -
1561 4060 1693 4092 suum
1724 4052 1833 4091 dem
1863 4051 1914 4091 Β.
1951 4050 2008 4092 G.
2040 4052 2063 4092 1
2095 4052 2144 4101 83
2175 4052 2216 4090 d.
2249 4053 2339 4092 eibi
2372 4050 2469 4093 Gb.

236 4108 288 4159 b)
324 4111 576 4153 exercitum
621 4109 662 4150 A
695 4110 735 4153 8.
782 4111 820 4151 Β
858 4111 896 4151 1.
938 4109 975 4149 F
1009 4111 1061 4159 13
1107 4110 1222 4160 quoa
1249 4110 1296 4150 in
1327 4110 1552 4160 archetypo
1572 4109 1716 4159 ‚natue
1745 4110 1925 4150 videtur.
2078 4106 2121 4159 c)
2154 4119 2249 4158 εστ.
2282 4109 2471 4151 Alman-

238 4170 371 4211 niam
403 4169 444 4210 A
477 4169 518 4210 8.
668 4166 715 4220 d)
748 4168 1018 4210 Alamannis
1050 4169 1090 4208 A
1121 4169 1162 4209 8.
1295 4164 1339 4219 e)
1371 4168 1541 4218 Fugite
1571 4168 1608 4207 F
1643 4169 1683 4210 1.
1718 4167 1759 4209 G
1793 4169 1834 4210 1.
1864 4168 1906 4209 8.
1939 4168 1982 4207 4.
2131 4165 2166 4219 f)
2198 4167 2310 4208 decet
2341 4167 2380 4209 A
2408 4165 2467 4209 ’8.

241 4226 292 4280 ς)
328 4238 421 4269 non
454 4238 490 4270 r.
526 4226 567 4269 G
602 4229 728 4269 1-4.
846 4224 895 4278 h)
928 4227 1235 4267 advertissent
1265 4226 1302 4266 E·
1332 4225 1376 4267 4.
1411 4225 1452 4267 G
1486 4226 1615 4268 1-5.

240 4338 304 4408 1)
346 4339 428 4393 De
467 4347 690 4407 tempore
724 4355 832 4392 mm
870 4344 1090 4392 constat.
