3042 4909
499 434 719 485 PAULI
761 431 1105 484 HISTORIA
1144 434 1814 488 LANGOBARDORUM.
1894 435 2035 488 LIB.
2075 437 2177 488 111.
2353 436 2456 487 135

215 613 434 667 autem
479 612 632 666 tunc
676 599 948 664 Authari
990 599 1306 666 iuvenalia
1349 611 1557 667 aetate
1585 600 1869 683 floridus,
1915 612 2159 667 statura
2201 602 2456 685 decens,

216 684 493 749 candido
553 685 724 749 crine
783 684 1079 770 perfusus
1135 694 1199 749 et
1241 685 1394 749 satis
1435 685 1701 749 decorus
1744 697 2024 772 aspectu.
2113 686 2244 767 Qui
2284 708 2458 768 mox,

213 791 257 832 a
308 791 460 854 rege
506 778 798 833 comeatu
854 777 1149 866 acceptO,
1216 770 1338 834 iter
1398 769 1672 853 patriam
1688 769 1716 811 ¹²
1774 770 2089 835 reversuri
2147 770 2461 855 arripiunt

216 853 428 938 deque
473 853 893 917 Noricorum⁰
934 851 1166 916 fimbus
1210 850 1579 917 festinanter
1612 852 1987 918 abscedunt.
2073 853 2455 918 Noricorum

217 937 271 1000 si
320 935 586 1000 uidemd
632 934 986 1022 provincia,
1037 957 1231 1021 quam
1271 935 1715 1000 Baioariorum
1807 937 2035 1023 opulus
2089 936 2456 1020 inhabitate,

215 1020 303 1083 ha
350 1031 413 1085 et
474 1021 556 1085 ab
624 1020 898 1084 orientef
961 1019 1386 1101 Pannoniam,
1457 1019 1538 1084 ab
1612 1021 1749 1084 occi
1800 1022 1980 1086 entes
2032 1020 2355 1103 Suaviam,
2420 1041 2459 1084 a

215 1102 485 1168 meridie
526 1102 777 1168 Italiam
791 1114 840 1184 8,
885 1102 965 1167 ab
1011 1101 1363 1189 aquilonish
1410 1124 1564 1167 vero
1615 1115 1797 1203 parte
1838 1104 2155 1169 Danuviii
2201 1104 2458 1169 fluenta.

216 1187 423 1334 Ιῇἰωι·
452 1186 725 1252 Authari
769 1208 918 1250 cum
948 1187 1075 1250 iam
1166 1209 1319 1272 rope
1350 1185 1571 1251 Italiae
1615 1191 1775 1253 fines
1804 1189 2082 1254 venisset
2111 1210 2457 1274 secumque

216 1291 257 1333 a
310 1271 431 1335 huc
489 1271 598 1356 qui
665 1293 812 1335 eum
882 1268 1125 1335 deduce
1172 1272 1328 1334 antk
1389 1270 1719 1335 Baioarios
1779 1270 2058 1354 haberet,
2128 1273 2333 1336 erexit
2390 1293 2458 1335 se

217 1365 530 1440 quantum
561 1376 750 1439 super
778 1376 1015 1439 equum
1048 1356 1150 1418 cui
1180 1352 1620 1439 praesidebat¹
1714 1356 1875 1420 otuit
1916 1365 1977 1421 et
2007 1365 2138 1421 toto
2167 1355 2396 1420 adnisu
2416 1367 2458 1397 ¹¹¹

216 1436 665 1520 securiculam,
711 1451 881 1524 quan
912 1459 1109 1501 manu
1136 1438 1446 1522 gestabat,
1491 1438 1557 1500 in
1587 1460 1659 1501 ar
1706 1460 1879 1504 orem
1913 1460 2078 1524 quae
2107 1440 2461 1526 proximior

216 1520 446 1586 aderat
497 1521 639 1587 fixit
696 1543 965 1607 eamque
1025 1520 1219 1584 fixam
1274 1519 1549 1606 reliquit,
1605 1521 1928 1589 *adiciens
1987 1523 2145 1588 haec
2195 1524 2461 1608 insuper
2481 1548 2690 1602 ·p.110.

218 1605 509 1671 vex-biso:
598 1604 885 1669 ‘Talemv
943 1603 1214 1669 Authari
1267 1603 1515 1670 feritam
1572 1604 1827 1671 facere‘l
1885 1606 2079 1672 solet’.
2167 1605 2462 1705 Cumque

218 1689 382 1754 haec
428 1688 714 1771 dixisset,
761 1692 914 1752 tun'c
958 1686 1407 1753 intellexerunt
1447 1689 1726 1753 Baioarii
1757 1691 1869 1776 qui
1900 1711 2049 1754 cum
2093 1712 2169 1755 eo
2201 1698 2460 1755 comita·

216 1774 469 1853 bantur,
537 1795 682 1837 eum
763 1774 974 1857 ipsum
1041 1794 1257 1857 regem
1319 1771 1595 1836 Authari
1660 1795 1818 1838 esse.
1935 1774 2235 1860 Denique
2313 1784 2462 1859 post

219 1856 308 1920 ali
355 1858 523 1921 uod?
582 1868 709 1922 tem
760 1878 864 1936 uS,
925 1878 1070 1920 cum
1112 1866 1393 1942 =propter
1457 1857 1856 1922 Francorum
1922 1857 2265 1923 adventum
2366 1880 2468 1925 er—

221 1950 328 2004 tur
374 1942 502 2006 atio
550 1938 707 2006 Gari
756 1939 898 2003 aldo
957 1940 1095 2023 regi
1151 1938 1534 2020 advenisset,
1579 1939 2037 2024 Theudelinda,
2097 1943 2233 2006 eius
2277 1940 2319 2004 fi
2350 1942 2460 2022 'a³,

225 2047 374 2088 cum
419 2046 532 2089 suo
576 2045 880 2111 germano
924 2023 1180 2087 nomine
1235 2022 1615 2088 Grundoaldt
1657 2024 1739 2087 ad
1772 2023 2063 2088 Italiamu
2109 2024 2460 2109 confugiitv

224 2122 465 2195 sequew
508 2108 851 2173 adventare
881 2106 1152 2171 Authari
1181 2119 1331 2171 suox
1361 2128 1595 2192 sponso
1626 2109 1940 2172 nuntiavit
1961 2121 2003 2170 ¹.
2092 2106 2217 2173 Cui
2245 2108 2460 2171 statim

224 2191 329 2256 ille
381 2191 637 2257 obviam
692 2213 839 2255 cum
894 2211 1130 2275 magno
1188 2200 1501 2276 apparatu
1556 2192 1814 2277 nuptias
1870 2191 2300 2256 celebraturus
2318 2202 2349 2244 Y
2393 2191 2461 2253 in

224 2297 370 2339 cam
420 2287 563 2339 umz
655 2273 903 2356 SardiS,
996 2275 1104 2360 qui
1184 2295 1378 2359 super
1449 2275 1818 2338 Veronam³
1897 2285 2011 2355 est,
2098 2295 2458 2355 occurrenS,

224 2380 347 2424 ean
394 2361 528 2424 emb
563 2360 807 2429 cunctis
836 2356 1220 2422 laetantibus
1249 2359 1313 2420 in
1346 2358 1715 2442 coniugium
1741 2357 1894 2421 Idus
1916 2358 2161 2421 Maias⁰
2190 2358 2459 2443 accepit.
2533 2381 2651 2424 589?

225 2442 388 2508 Erat
441 2454 655 2508 autem
724 2453 877 2507 tunc
950 2442 1041 2505 ibi
1097 2441 1262 2504 inter
1330 2450 1575 2505 ceteros
1633 2440 2205 2524 Langobardorum
2265 2440 2461 2504 duces
2481 2442 2591 2484 ³¹⁸¹·
2627 2440 2700 2485 ¹⁶·

227 2525 519 2612 Agilulfd
590 2527 722 2590 dux
794 2525 1284 2589 Taurinensium
1349 2525 1644 2588 civitatis
1732 2526 1876 2605 Quo
1956 2525 2022 2588 in
2099 2524 2239 2589 loco
2316 2545 2464 2587 cum

225 2609 596 2698 perturbato
654 2631 802 2674 aere
853 2609 1099 2694 lignum
1157 2607 1509 2694 quoddam,
1580 2607 1751 2693 quod
1807 2609 1875 2671 in
1930 2630 1999 2672 re
2047 2609 2167 2672 iis⁰
2228 2608 2465 2693 septis²

224 2697 418 2759 situm
462 2705 615 2775 erat,
661 2716 807 2759 cum
851 2714 1087 2778 magno
1118 2693 1541 2757 tonitruorum
1570 2693 1821 2776 fragore
1850 2692 1917 2754 vi
2102 2691 2224 2755 inis
2264 2691 2466 2756 ictum

226 2779 472 2859 fuisset,
537 2776 815 2842 habebat
879 2786 1032 2840 tunc
1083 2774 1335 2861 Agilulf
1392 2776 1710 2860 quendam
1777 2775 1856 2841 de
1921 2777 2052 2840 suis
2106 2775 2468 2861 aruspicem

227 2885 531 2948 puerum,
589 2861 700 2947 qui
756 2883 872 2947 per
943 2868 1144 2924 artem
1204 2859 1614 2941 diabolicam,
1671 2859 1824 2946 quid
1880 2858 2159 2925 futurum
2215 2867 2469 2944 porten-

230 3068 276 3121 a)
322 3070 385 3109 ita
433 3068 474 3108 A
509 3071 547 3110 1.
583 3069 623 3109 2.
672 3067 707 3108 O
739 3064 801 3109 ’1.
834 3068 873 3107 1.
943 3065 985 3105 G
1015 3068 1057 3107 2.
1093 3066 1135 3107 3.
1182 3066 1232 3116 4;
1280 3065 1485 3107 iubenali
1530 3066 1567 3104 F
1601 3066 1649 3115 13
1696 3065 1855 3105 iuveni
1902 3063 1943 3105 A
1975 3064 2025 3115 83
2086 3061 2283 3104 iuvenili
2327 3061 2464 3102 ceteri.

228 3127 275 3180 b)
308 3129 462 3180 patria
492 3128 529 3166 F
564 3129 602 3167 1.
725 3124 767 3177 c)
800 3126 1001 3173 indeque
1036 3125 1076 3164 G
1110 3126 1151 3166 2.
1186 3125 1226 3164 5.
1266 3146 1317 3155 —-
1347 3125 1506 3167 Nurlc.
1538 3124 1580 3165 G
1614 3125 1651 3164 2.
1684 3124 1725 3165 3.
1758 3125 1801 3175 4,
1846 3128 1883 3162 ec
1913 3123 1977 3162 ica
2001 3127 2169 3173 postea.
2289 3119 2335 3173 d)
2368 3121 2467 3170 qul-

227 3188 331 3231 dem
362 3187 413 3226 F.
449 3185 503 3226 G.
655 3182 698 3235 e)
733 3184 993 3224 inhabitant
1022 3184 1058 3223 F·
1093 3186 1135 3225 1.
1170 3182 1211 3223 G
1243 3183 1284 3223 3.
1319 3185 1371 3233 43
1404 3194 1527 3223 nunc
1558 3183 1786 3223 inhabitat
1814 3182 1857 3221 D
1889 3183 1943 3231 43
1975 3192 2099 3222 nunc
2129 3181 2305 3220 habitat
2335 3180 2378 3219 D
2411 3179 2467 3228 33

229 3256 324 3286 non
355 3244 531 3285 habitat
561 3246 603 3283 D
640 3245 687 3293 2;
719 3243 1009 3284 inhabitabat
1041 3241 1076 3282 O
1110 3244 1149 3281 1.
1185 3243 1224 3283 2.
1262 3261 1314 3271 -
1347 3242 1517 3282 habent
1549 3242 1585 3281 F·
1604 3243 1644 3282 1.
1762 3238 1799 3290 f)
1834 3242 2060 3281 orientem
2095 3262 2148 3270 —
2178 3238 2466 3279 occidentem

228 3305 267 3345 F
300 3307 347 3353 13
379 3304 439 3344 ad
470 3304 694 3343 orientem
724 3303 765 3343 A
797 3302 839 3342 3.
962 3300 1008 3353 g)
1042 3300 1180 3341 Italia
1208 3301 1245 3340 F
1265 3302 1305 3341 1.
1426 3300 1472 3350 h)
1508 3300 1716 3349 aquiloni
1746 3300 1783 3338 Ρ
1809 3301 1854 3348 13
1887 3298 2107 3346 aquilone
2139 3297 2179 3336 Α
2198 3299 2239 3337 1.
2275 3295 2316 3336 G
2335 3297 2464 3338 2-4.

229 3365 253 3404 1
273 3365 298 3403 2
330 3362 460 3416 (deest
489 3359 666 3413 parte);
698 3361 957 3410 aquilonali
987 3360 1024 3399 F
1046 3362 1067 3399 1
1102 3370 1123 3398 e
1153 3370 1269 3400 corr.
1303 3355 1429 3408 G‘53
1463 3357 1725 3408 aquilonari
1757 3356 2004 3398 Gba.b.c.
2124 3353 2161 3406 i)
2192 3356 2256 3394 ita
2288 3354 2328 3393 A
2347 3356 2386 3393 1.
2421 3356 2464 3394 2.

227 3424 272 3463 D
292 3424 343 3471 13
375 3421 580 3461 Danubii
612 3420 661 3464 (2.
680 3420 722 3459 D
744 3420 913 3461 2.3.Ι·“.
948 3418 1004 3459 G.
1126 3415 1174 3468 k)
1209 3417 1332 3467 quod
1361 3417 1582 3458 Baioaria
1611 3427 1737 3456 nunc
1769 3416 1856 3455 asit
1873 3412 1929 3467 (ἲ)
1961 3414 2194 3464 provintia
2223 3413 2321 3455 add.
2342 3408 2465 3453 G‘n.

229 3479 265 3532 l)
297 3480 532 3521 residebat
560 3479 601 3519 A
634 3476 696 3520 ’3.
843 3476 906 3530 m)
940 3478 1150 3518 adnisum
1182 3476 1220 3516 F
1255 3479 1294 3516 1.
1427 3473 1477 3526 n)
1511 3476 1575 3514 ica
1605 3473 1646 3515 A
1680 3475 1720 3512 1.
1750 3475 1788 3513 B
1825 3475 1864 3514 2.
1896 3473 1938 3512 D
1974 3474 2015 3513 1.
2047 3473 2085 3511 1³
2121 3474 2158 3512 1.
2189 3472 2232 3511 4.
2268 3470 2308 3512 G
2341 3470 2381 3510 3.
2411 3471 2464 3520 43

231 3549 368 3589 quam
398 3539 535 3578 ceteri.
688 3534 732 3589 o)
765 3537 930 3578 verbas
963 3536 997 3577 O
1034 3539 1079 3585 13
1125 3535 1268 3575 verba
1311 3533 1352 3573 A
1383 3534 1425 3576 5.
1458 3534 1497 3574 B
1534 3536 1607 3574 la.
1638 3533 1675 3572 F
1710 3534 1749 3573 2.
1784 3533 1807 3572 1
1840 3534 1885 3581 13
1932 3530 2076 3571 verba
2119 3529 2277 3569 dicens
2310 3527 2351 3568 G
2382 3527 2465 3578 5b3

229 3599 371 3639 verba
401 3597 554 3638 verbis
588 3597 630 3638 G
662 3594 729 3637 50.
822 3595 869 3645 p)
902 3595 1019 3635 Tale
1049 3595 1086 3634 F
1121 3595 1160 3634 1.
1253 3590 1301 3643 q)
1333 3593 1509 3634 faceret
1537 3593 1574 3631 F
1608 3594 1647 3632 1.
1739 3588 1780 3641 r)
1814 3589 1991 3639 aliquid
2024 3588 2065 3628 A
2097 3589 2148 3637 2;
2180 3587 2334 3636 aliquo
2366 3587 2403 3625 F
2422 3588 2463 3629 1.

229 3655 271 3709 e)
304 3657 449 3697 filiam
479 3656 516 3696 1³
552 3659 590 3695 1.
741 3652 777 3703 t)
812 3653 1048 3695 Gundoalt
1089 3652 1132 3691 D
1170 3653 1216 3701 ις
1264 3650 1529 3692 Gundoalto
1559 3650 1602 3690 D
1636 3652 1686 3699 23
1735 3647 2010 3689 Gundoaldo
2040 3648 2083 3687 D
2117 3648 2167 3695 33
2215 3644 2467 3686 Gunduald

230 3716 271 3756 A
304 3711 365 3757 ·3.
399 3715 441 3759 3.
470 3716 508 3754 Β
544 3715 585 3755 2.
617 3715 656 3754 E
691 3715 731 3753 1.
760 3712 798 3752 F
832 3714 871 3752 1.
903 3714 946 3753 4.
980 3711 1077 3753 (34.
1113 3709 1163 3761 53
1198 3710 1474 3751 Gunduuald
1507 3709 1621 3759 (323
1654 3707 1886 3749 Guldoald
1913 3705 2037 3756 infra
2066 3705 2189 3745 semel
2221 3703 2328 3753 (323
2363 3703 2468 3744 Gai-

231 3774 371 3815 doald
402 3774 440 3813 L
474 3775 513 3812 1.
661 3769 710 3822 u)
742 3771 883 3811 Italia
911 3772 948 3810 F
983 3772 1024 3812 1.
1173 3768 1220 3822 v)
1256 3769 1318 3809 ita
1348 3768 1389 3808 A
1422 3770 1465 3810 2.
1495 3769 1539 3809 D
1575 3770 1615 3808 1.
1645 3768 1683 3807 F
1717 3768 1767 3818 1;
1816 3764 2025 3815 confugit
2054 3764 2096 3805 A
2131 3766 2172 3805 1.
2206 3763 2241 3804 O
2275 3765 2314 3814 1,
2361 3762 2465 3813 αῐίίς

231 3833 505 3882 confugiunt
551 3832 588 3870 F
619 3832 661 3870 4.
710 3828 752 3869 G
783 3831 825 3870 2.
859 3830 901 3869 3.
933 3831 977 3870 4.
1128 3827 1190 3880 w)
1221 3837 1367 3878 usque
1414 3827 1448 3868 O
1480 3825 1553 3877 ’13
1597 3836 1743 3875 usque
1790 3834 1986 3874 eamque
2018 3822 2053 3865 Ο
2088 3825 2126 3866 1.
2276 3819 2325 3873 x)
2357 3822 2470 3861 deese

233 3890 274 3930 A
306 3891 348 3933 3.
384 3891 435 3934 O.
463 3889 523 3929 D.
643 3887 693 3941 y)
727 3888 985 3930 celebratus
1015 3898 1129 3930 corr.
1161 3888 1253 3927 alia
1283 3896 1417 3927 manu
1448 3886 1761 3927 celebraturus
1793 3885 1833 3924 A
1853 3885 1892 3923 1.
1924 3884 1967 3924 D
1991 3883 2037 3933 ¹3
2071 3881 2332 3923 celebratur
2358 3881 2397 3919 F
2416 3881 2467 3929 13

230 3950 570 3990 celebraturum
598 3948 639 3988 B
672 3949 724 3997 13
754 3947 814 3987 ad
843 3959 891 3991 n.
925 3946 1252 3987 celebrandum
1281 3945 1319 3986 1³
1350 3946 1394 3988 4.
1430 3945 1471 3986 G
1503 3946 1544 3986 2.
1579 3946 1621 3986 3.
1651 3945 1693 3984 4.
1725 3940 1786 3983 ’5.
1818 3942 1890 3984 ba.
1922 3943 1946 3982 1
1980 3943 2029 3991 13
2062 3942 2121 3981 ad
2151 3951 2197 3980 n.
2231 3939 2465 3980 celebran-

233 4009 312 4049 dae
347 4008 387 4049 G
419 4007 490 4049 51).
510 4019 549 4049 c.
669 4005 710 4058 z)
743 4007 918 4056 eampis
949 4004 1050 4046 Aa.
1171 4003 1218 4058 a)
1248 4005 1435 4048 Verona
1465 4004 1503 4045 n
1524 4007 1564 4045 1.
1589 4004 1686 4045 1³4.
1722 4002 1821 4044 GR.
1854 4002 1895 4041 3.
1928 4002 1973 4042 4.
2092 3997 2140 4051 b)
2175 3998 2336 4039 eadem
2365 3996 2403 4036 F
2424 3998 2465 4036 1.

234 4065 275 4118 e)
310 4067 499 4107 Martiae
530 4076 647 4108 corr.
679 4065 826 4105 Maias
857 4066 895 4105 Ε
931 4065 984 4114 1;
1015 4063 1130 4107 Mar.
1162 4063 1203 4104 G
1234 4063 1275 4104 3.
1308 4065 1352 4103 4.
1489 4061 1536 4115 d)
1570 4060 1773 4110 Agilulft
1803 4061 1839 4101 A
1878 4062 1924 4109 2;
1956 4058 2137 4107 Agilolf
2162 4057 2203 4097 A
2235 4056 2276 4096 3.
2312 4054 2355 4097 G
2386 4055 2468 4104 503

229 4125 464 4175 Agilulfun
494 4124 537 4164 D
571 4125 615 4168 2.
646 4122 690 4177 3,
719 4124 812 4166 alii.
845 4143 898 4154 -
931 4123 1262 4163 Taurinacium
1293 4123 1336 4162 D
1370 4122 1411 4163 3.
1535 4118 1579 4173 e)
1613 4120 1735 4169 regie
1771 4117 1812 4160 G
1843 4119 1886 4161 2.
1919 4118 1962 4159 3.
1992 4118 2033 4156 4.

242 4311 297 4379 1)
338 4310 420 4380 (ΣΥ.
458 4310 686 4379 Fredeq.
724 4326 767 4362 c.
807 4310 897 4360 34.
973 4308 1086 4360 ΒΕ.
1238 4305 1295 4373 2)
1335 4308 1389 4358 ἱη
1445 4307 1608 4371 regiis
1657 4306 1822 4371 septis
1862 4324 1932 4347 =
1990 4302 2127 4354 dam
2166 4301 2212 4354 le
2250 4301 2356 4353 clos
2394 4298 2469 4350 du

234 4382 346 4445 wi,-
384 4387 441 4436 in
483 4382 695 4436 clusura
735 4382 801 4434 de
840 4384 956 4450 ipso
995 4397 1123 4449 rege
1162 4380 1325 4433 codex
1362 4380 1408 4430 L
1451 4379 1501 4431 1.
1577 4376 1688 4430 BE.
