3042 4909
538 427 761 481 PAULI
801 426 1151 480 HISTORIA
1189 427 1863 481 LANGOBARDORUM.
1938 429 2081 482 LIB.
2121 430 2197 482 11.
2421 430 2489 483 89

243 594 402 664 bilia
457 606 652 662 noctu
697 595 923 681 signa⁸
966 593 1105 659 visa
1148 604 1314 676 sunt,
1373 594 1495 659 hoc
1540 604 1637 660 est
1677 595 1903 681 igneae
1962 596 2133 662 acies
2189 597 2256 662 in
2315 599 2489 665 caelo

241 688 698 768 apparuerunt,
763 700 910 744 eum
967 676 1212 744 scilicet
1266 677 1376 764 qui
1417 688 1645 765 postea
1688 679 1925 745 effusus
1970 691 2067 746 est
2116 683 2492 768 sanguinem

244 774 655 832 coruscantes
670 764 716 807 ¹³·
736 776 779 828 ¹.

411 850 473 913 6.
558 847 800 913 Alboin
841 866 992 911 vero
1011 856 1036 888 ⁰
1078 845 1163 910 ad
1210 844 1463 911 Italiam
1528 866 1674 910 cum
1731 847 2177 933 Langobardis
2242 850 2489 937 profec-

243 941 426 997 turus
483 932 566 998 ab
608 930 832 996 amicis
890 930 1024 995 suis
1079 928 1311 995 vetulis
1355 928 1760 996 *Saxonibus
1779 941 1803 976 ²
1867 931 2179 996 auxilium
2243 934 2428 1020 petiit
2443 935 2587 1018 ‘¹,·1›.

249 1025 567 1103 quatenus
613 1014 1000 1101 spatiosam0
1066 1011 1317 1078 Italiam
1384 1035 1532 1079 cum
1593 1011 1886 1099 pluribus
1946 1038 2355 1103 possessurus
2398 1018 2491 1083 in-

244 1110 457 1167 traret.
544 1098 652 1164 Ad
697 1120 887 1186 quem
919 1097 1208 1163 Saxones
1244 1096 1390 1184 plus
1436 1119 1630 1183 quam
1671 1097 1940 1183 viginti?
1991 1099 2167 1165 milia
2208 1102 2491 1167 virorum

249 1205 397 1251 cum
458 1182 771 1249 uxoribus
831 1180 1021 1246 simul
1065 1191 1128 1247 et
1170 1180 1470 1268 parvuliS,
1514 1192 1588 1246 ut
1630 1202 1778 1245 cum
1823 1204 1900 1247 eo
1943 1182 2027 1248 ad
2070 1183 2319 1249 Italiam
2397 1209 2492 1251 er—

244 1279 486 1356 gerent,
532 1270 713 1333 iuxta
756 1266 892 1332 eius
920 1262 1315 1331 voluntatem
1341 1274 1671 1330 venerunt.
1735 1264 1882 1331 Hoc
1920 1266 2257 1334 audientes
2304 1270 2357 1336 C
2428 1292 2490 1335 o-

245 1355 446 1419 tarius
491 1363 554 1418 et
614 1349 1056 1436 Sigisbertusss
1111 1371 1297 1434 reges
1363 1349 1779 1431 Francorum,
1849 1351 2141 1416 Suavosh
2206 1353 2491 1442 aliasque

248 1447 472 1524 gentes
516 1438 585 1500 in
626 1435 782 1499 locis
828 1433 907 1499 de
939 1434 1172 1533 quibus
1209 1432 1381 1497 idem
1414 1432 1705 1497 Saxones
1750 1434 2038 1500 exierant
2128 1448 2431 1504 osuerunt
2454 1440 2488 1506 ἰ.

418 1521 476 1584 7.
564 1520 749 1583 Tunc
800 1515 1038 1582 Albom
1104 1516 1288 1582 sedes
1352 1518 1682 1602 proprias,
1736 1515 1857 1582 hoc
1924 1529 2020 1584 est
2115 1522 2489 1605 annoniam,

247 1605 472 1670 amicis
518 1606 649 1668 suis
692 1601 989 1667 Hunnis³
1037 1601 1402 1682 contribuit,
1449 1622 1525 1666 eo
1570 1600 1817 1666 scilicet
1860 1600 2099 1685 ordine,
2145 1615 2234 1687 ut,
2281 1606 2335 1670 si
2366 1628 2490 1693 quo

245 1698 535 1776 tempore
577 1685 1026 1772 Langobardis
1068 1706 1332 1749 necesse
1376 1685 1592 1750 essetk
1633 1686 1889 1766 reverti,
1932 1708 2051 1751 sua
2091 1710 2312 1753 rursus
2341 1712 2493 1755 arva

244 1782 607 1859 repeterent
621 1782 668 1839 ⁴.
796 1769 1006 1854 Igitur
1060 1767 1503 1853 Langobardi,
1580 1766 1803 1833 relicta
1864 1771 2197 1835 Pannonia
2223 1774 2271 1855 ¹,
2346 1796 2493 1839 cum

246 1856 559 1921 uxoribus
632 1864 697 1920 et
756 1852 978 1918 natism
1026 1853 1326 1940 omnique
1391 1850 1770 1939 supellectili
1832 1852 2083 1918 Italiam
2147 1868 2492 1943 properant

296 1939 627 2005 ossessuri.
714 1937 1231 2002 Habitaverunt⁵
1276 1945 1490 2001 autem
1535 1937 1603 1998 in
1631 1936 2078 2001 Pannoniam¹¹
2123 1942 2306 2004 annis
2339 1963 2491 2028 qua-

290 2023 541 2109 raginta
583 2022 849 2088 duobus.
956 2020 1061 2086 De
1154 2040 1240 2084 ua
1289 2042 1322 2085 e
1405 2020 1532 2084 essi
1576 2029 1723 2084 sunt
1770 2042 1990 2086 mense
2041 2022 2101 2086 A
2148 2023 2248 2088 rili
2266 2038 2312 2109 0,
2376 2047 2494 2125 per
2509 2048 2611 2092 ses.

247 2109 656 2174 indictionem
698 2106 1032 2192 primaml’,
1165 2116 1249 2169 οἳ
1353 2105 1411 2168 ie
1441 2113 1590 2204 post
1631 2115 1922 2169 sanctum
1965 2127 2120 2191 pasc
2166 2120 2262 2189 af,
2307 2130 2491 2174 cuius

246 2192 558 2258 festivitas
623 2212 698 2256 eo
762 2210 928 2255 anno
992 2188 1177 2253 iuxta
1241 2186 1470 2252 calcuh
1535 2187 1849 2252 rationem
1914 2189 2071 2274 ipsis
2092 2200 2114 2231 ³
2175 2190 2488 2257 Kalendis

249 2275 618 2363 Aprilibus²
660 2274 799 2357 fuit,
849 2294 994 2337 cum
1038 2272 1167 2337 iam
1211 2294 1250 2336 a
1277 2271 1547 2335 Domini
1589 2271 2067 2339 incarnatione¹¹
2111 2276 2262 2339 anni
2307 2277 2489 2361 quin-

249 2361 424 2447 genti
466 2359 841 2445 sexagintav
888 2365 1032 2422 octo
1077 2365 1290 2420 essent
1332 2353 1572 2420 evoluti
1589 2365 1632 2417 ⁰.

253 2525 299 2579 a)
332 2527 442 2566 deest
474 2524 508 2566 C
541 2521 603 2564 ·1.
639 2523 679 2562 1.
714 2523 765 2571 83
803 2525 906 2572 post
935 2519 1036 2561 aad.
1069 2518 1112 2558 D
1147 2519 1187 2558 1.
1225 2538 1277 2548 -
1329 2518 1469 2558 noctu
1514 2518 1624 2558 deest
1657 2516 1698 2558 G
1730 2517 1773 2558 8.
1922 2515 1971 2571 b)
2005 2524 2322 2561 coruscantem
2366 2521 2408 2561 A
2440 2521 2492 2572 33

252 2586 600 2626 choruscantem
634 2580 670 2623 0
705 2582 759 2631 13
791 2590 846 2621 eo
878 2599 931 2611 -
967 2581 1036 2619 est
1076 2577 1279 2616 humano
1322 2576 1550 2625 sangnine
1594 2580 1864 2617 coruscante
1904 2577 1947 2617 D
1983 2580 2004 2618 1
2040 2589 2060 2618 e
2090 2589 2220 2627 corr„
2253 2584 2290 2619 ee
2320 2579 2384 2619 ita
2414 2581 2494 2621 alii

251 2645 309 2685 D.
342 2644 386 2684 H
407 2645 445 2683 1.
566 2639 608 2693 c)
640 2641 750 2679 deest
781 2638 822 2679 A
843 2639 885 2680 8.
906 2637 1035 2677 -ad
1067 2637 1177 2676 deest
1211 2635 1246 2676 C
1267 2636 1306 2675 1.
1330 2635 1372 2676 8.
1405 2635 1462 2675 D.
1484 2657 1537 2667 -
1570 2636 1708 2675 Italia
1740 2635 1774 2676 Ο
1809 2638 1847 2676 1.
1884 2637 1924 2677 2.
1956 2636 1999 2677 D
2019 2638 2059 2679 1.
2152 2638 2199 2690 d)
2231 2640 2348 2689 petit
2364 2639 2414 2682 Ο.
2431 2639 2490 2681 D.

252 2701 297 2754 e)
315 2700 633 2755 spec(t)iosam
663 2699 701 2739 Β
737 2699 778 2739 1.
811 2696 848 2738 0
882 2698 922 2737 1.
956 2697 999 2736 D
1035 2697 1075 2736 1.
1110 2694 1153 2735 G
1184 2694 1235 2743 83
1266 2694 1469 2757 spetiose
1502 2693 1544 2735 G
1573 2691 1636 2738 ‘8.
1726 2692 1761 2747 i)
1790 2695 2020 2744 viginta?
2041 2698 2078 2740 1.
2098 2695 2195 2740 Gl.
2286 2696 2334 2750 g)
2353 2696 2494 2748 Sigis-

252 2765 412 2812 pertus
460 2759 499 2800 G
531 2760 559 2798 4
596 2759 874 2808 pler-umqum
919 2754 1177 2805 sigipertus
1218 2753 1255 2792 F
1289 2754 1360 2795 la.
1393 2754 1436 2793 4.
1484 2752 1527 2793 G
1558 2753 1598 2805 8,
1641 2753 1744 2804 αῑίίς
1786 2753 2048 2803 sigibertus
2087 2756 2127 2796 Β
2162 2757 2203 2795 1.
2241 2756 2281 2797 G
2314 2758 2353 2806 8,
2387 2757 2494 2808 αῐὲίς

253 2820 534 2869 sigilbertus
563 2818 602 2857 B
636 2817 688 2866 83
730 2814 997 2864 sigebertus
1027 2812 1069 2853 A
1101 2813 1153 2862 83
1198 2810 1486 2862 sichipertus
1517 2812 1556 2851 F
1589 2813 1639 2861 83
1683 2812 1962 2854 Gisilbertus
1993 2813 2036 2854 A
2068 2815 2109 2855 8.
2231 2814 2278 2868 h)
2308 2814 2493 2856 Suevos

255 2879 289 2919 C
326 2881 347 2919 1
376 2880 652 2928 pler-umqum
684 2874 860 2916 Suevos
892 2873 935 2912 D
968 2872 1009 2912 8.
1042 2872 1083 2923 8,
1114 2870 1208 2910 alii.
1328 2869 1363 2922 i)
1397 2872 1506 2912 aem
1537 2872 1576 2911 Β
1599 2871 1641 2912 8.
1761 2869 1811 2922 k)
1844 2883 1945 2913 esse
1977 2872 2016 2912 A
2036 2874 2077 2914 8.
2213 2872 2250 2925 1)
2281 2874 2495 2916 Panonia

256 2937 297 2979 G
330 2940 381 2987 13
411 2936 704 2977 Pannoniam
734 2935 772 2974 B
811 2936 850 2975 1.
880 2932 917 2972 P
952 2934 992 2972 1.
1055 2928 1119 2980 m)
1153 2930 1253 2969 nati
1280 2929 1319 2968 F
1353 2932 1394 2971 1.
1501 2928 1552 2981 n)
1586 2930 1649 2969 ita
1680 2929 1721 2969 A
1755 2932 1793 2976 1.
1828 2932 1869 2973 8.
1903 2933 1942 2972 B
1979 2934 2018 2971 1.
2050 2933 2087 2972 P
2121 2933 2162 2973 1.
2254 2931 2301 2985 o)
2318 2933 2496 2984 Aprilis

252 2998 290 3037 B
325 2998 380 3046 ις
412 2995 574 3046 Aprile
604 2994 641 3032 F
662 2995 703 3034 1.
739 2991 848 3041 (413
878 2989 1041 3040 Apreli
1075 2988 1109 3030 C
1140 2984 1205 3029 ’1.
1240 2987 1340 3028 G8.
1460 2986 1510 3041 p)
1544 2989 1696 3039 prima
1720 2990 1757 3029 P
1776 2993 1831 3040 13
1862 2991 2114 3031 indictione
2145 2993 2298 3041 prima
2330 2992 2429 3035 G8.
2448 2993 2496 3042 83

252 3060 298 3096 et
342 3055 595 3096 indictione
639 3052 791 3102 prima
822 3049 864 3090 G
894 3048 958 3092 ’8.
1109 3043 1156 3096 q)
1187 3046 1282 3087 alia
1310 3049 1350 3089 Β
1385 3050 1455 3088 la.
1488 3048 1530 3088 8.
1567 3046 1607 3088 G
1640 3047 1682 3088 8.
1714 3048 1762 3090 4.
1793 3049 1816 3089 1
1851 3050 1892 3091 1.
2038 3048 2079 3102 r)
2110 3049 2349 3104 pasch(a)e
2381 3052 2423 3092 A
2454 3053 2496 3093 8.

253 3115 291 3155 Β
325 3115 366 3156 1.
401 3114 442 3158 8.
473 3113 511 3152 Γ
544 3112 598 3161 83
628 3113 733 3161 post
764 3107 1149 3150 resurrectionem
1182 3104 1223 3146 G
1255 3106 1296 3147 8.
1418 3104 1457 3158 s)
1490 3106 1583 3157 ipsi
1614 3106 1651 3145 Ε
1683 3107 1723 3147 1.
1846 3106 1881 3159 t)
1914 3108 2088 3158 Aprilis
2118 3110 2156 3148 B
2177 3111 2217 3152 1.
2254 3110 2352 3151 G8.
2384 3111 2495 3160 8.4;

252 3172 437 3224 Api-elis
471 3172 512 3214 G
547 3173 597 3221 13
627 3170 707 3210 alii
736 3168 866 3219 Apri.
901 3166 1049 3217 April.
1082 3165 1146 3204 vel
1175 3163 1281 3214 Api.
1314 3165 1521 3206 scribunt.
1615 3162 1664 3216 u)
1697 3166 2069 3208 incarnationem
2097 3168 2134 3207 1³
2153 3170 2193 3211 1.
2285 3167 2333 3221 v)
2354 3179 2498 3210 nona·

259 3233 388 3282 ginta
417 3232 466 3272 in
498 3230 588 3270 loeo
619 3239 755 3269 vacuo
787 3227 931 3267 relicto
957 3228 1059 3276 post
1090 3223 1190 3264 add.
1224 3221 1263 3264 G
1298 3223 1350 3274 83
1384 3227 1431 3264 et
1460 3226 1566 3265 octo
1595 3225 1633 3264 B
1669 3225 1710 3265 1.

259 3362 314 3431 1)
351 3363 505 3415 Haec
550 3378 614 3413 ex
660 3355 903 3427 Greyorii
944 3352 1092 3407 libris
1137 3361 1311 3406 sumta
1366 3361 1519 3416 sunu
1579 3353 1777 3406 Homil.
1816 3371 1903 3421 pr.
1949 3355 2006 3406 in
2064 3373 2283 3424 evang„-
2340 3361 2494 3413 Prius

257 3452 414 3504 quam
459 3435 621 3487 Italia
675 3432 863 3502 gentili
920 3428 1103 3496 gladio
1161 3428 1403 3479 ferienda
1458 3426 1776 3489 traderetur,
1833 3430 2020 3494 igneas
2058 3429 2113 3479 in
2155 3431 2308 3483 coelo
2349 3434 2495 3485 acies

254 3510 504 3570 vidimus,
559 3509 840 3575 ipsumque
900 3504 991 3570 qui
1046 3506 1234 3569 postea
1278 3500 1495 3551 humani
1568 3501 1780 3565 generis
1835 3500 1983 3553 fusus
2042 3507 2123 3552 est
2178 3504 2492 3570 sanguinem

258 3572 636 3645 coruscantem
694 3581 761 3645 cs.
802 3575 951 3629 Diae.
1009 3572 1127 3635 III,
1184 3573 1272 3624 38.
1497 3569 1555 3637 2)
1599 3570 1678 3637 (ff.
1737 3571 1820 3634 II,
1869 3573 1955 3626 26.
2016 3573 2170 3642 Greq.
2218 3573 2348 3627 Tur.
2388 3576 2491 3640 IV,

255 3659 344 3708 37.
382 3656 497 3707 ΒΕ.
538 3650 827 3720 Sequentia
863 3666 927 3702 σω
966 3647 1143 3700 eodem
1180 3645 1285 3709 IV,
1323 3645 1414 3695 48.
1465 3644 1526 3709 V,
1556 3645 1644 3695 15.
1794 3642 1853 3712 3)
1892 3644 1930 3697 τ’.
1969 3661 2008 3697 e.
2046 3644 2333 3701 Avaribus.
2414 3649 2494 3716 cf,

256 3728 305 3794 Ι,
344 3729 433 3781 27.
471 3728 586 3780 ΒΕ.
735 3722 796 3792 4)
837 3722 918 3791 ΟΥ.
948 3720 1139 3773 Chron.
1168 3718 1340 3781 Goth„
1379 3715 1471 3768 ubi
1509 3717 1694 3769 eadem
1732 3734 1797 3769 ex
1825 3718 1932 3771 alio
1957 3719 2115 3785 fonte
2154 3720 2349 3774 hausta
2385 3731 2493 3774 tra·

256 3803 474 3855 duntur.
626 3799 684 3866 5)
724 3797 1122 3849 Habitaverunt
1179 3819 1247 3832 —
1307 3790 1511 3858 pascha
1568 3807 1632 3842 ex
1678 3788 1840 3860 Oriq„
1897 3793 1990 3844 ubi
2045 3801 2219 3846 tamen
2274 3794 2493 3863 legitur,-

256 3890 439 3927 mense
466 3873 665 3941 Aprilis
691 3888 726 3923 a
763 3871 983 3938 pascha,
1021 3866 1081 3919 id
1106 3865 1249 3933 quod
1274 3864 1407 3931 ‘post
1432 3861 1659 3930 pascha'
1700 3871 1905 3916 tantum
1942 3865 2239 3935 siqmflcare
2265 3869 2492 3923 videtur.

260 3946 343 4014 Of.
397 3943 630 3999 Secundi
665 3945 1032 4012 sraqmemum
1082 3956 1251 4006 supra
1277 3954 1341 4004 p.
1385 3938 1450 3987 18
1501 3955 1560 3989 η.
1615 3938 1665 3988 3.
1716 3938 1929 3992 editum.
2032 3939 2103 3992 In
2153 3941 2266 3994 cod.
2327 3940 2492 4012 Sany.

258 4021 362 4073 Nr.
402 4021 527 4073 907.
566 4037 608 4071 s.
649 4017 747 4070 IX.
776 4017 831 4083 s.
871 4015 959 4066 26.
997 4014 1133 4065 inter
1170 4010 1311 4063 alias
1360 4018 1650 4078 temporum
1697 4012 2106 4078 computationes
2153 4012 2369 4082 leyt'tur:
2410 4017 2494 4068 De

255 4095 519 4162 principio
560 4091 744 4144 mundi
781 4103 951 4156 usque
992 4086 1061 4137 ad
1101 4086 1435 4137 nativitatem
1474 4084 1676 4136 domini
1726 4088 1891 4137 nostri
1930 4087 2094 4138 Ihesu
2134 4087 2331 4139 Christi
2371 4091 2497 4140 anni

256 4172 381 4220 sunt
419 4167 580 4230 5229,
622 4170 677 4216 et
713 4164 793 4216 sic
830 4168 987 4213 natus
1027 4165 1108 4211 est
1143 4159 1387 4209 Tiberius
1425 4157 1728 4224 imperator,
1766 4160 1820 4209 in
1846 4160 2186 4212 Hierusalem
2237 4168 2495 4227 regnante

257 4240 477 4292 Herode
516 4254 662 4305 rege.
738 4236 786 4288 A
813 4233 1075 4304 principio
1115 4229 1300 4283 mundi
1324 4244 1494 4296 usque
1535 4230 1878 4296 Langobardi
1905 4234 1959 4282 in
1985 4233 2193 4284 Hitalia
2230 4236 2501 4301 priserunt

257 4315 386 4365 anni
423 4318 547 4366 sunt
585 4310 747 4370 6772,
803 4315 1042 4374 tempore
1081 4305 1377 4357 Iustiniano
1432 4302 1783 4368 imperatoris.
1973 4303 2029 4371 6)
2072 4303 2150 4371 (ff.
2189 4323 2327 4373 φωρ
2368 4307 2496 4360 Gn..

251 4385 436 4455 ,φονίας
474 4385 553 4438 Μ.
609 4380 794 4436 indict.
835 4381 921 4446 13,
979 4377 1067 4432 lib.
1119 4377 1177 4442 V,
1234 4376 1322 4440 21,
1381 4374 1454 4425 ad
1493 4372 1856 4428 Constantiam
1915 4385 2196 4445 augustam
2251 4380 2491 4447 scripsit.-

2622 948 2692 990 73.
