3042 4909
547 398 621 451 36
1009 403 1229 455 PAULI
1268 403 1616 454 HISTORIA
1656 402 2324 456 LANGOBARDORUM.

547 574 975 637 antecedunt:
1042 573 1459 657 ‘Eaecerptum
1516 593 1596 636 ex
1664 571 1912 647 Orosio,
1975 571 2429 636 Historiarum
2484 573 2779 661 Pompeji

553 658 751 742 Proyi
780 658 1066 742 epitome,
1099 657 1199 720 De
1229 678 1342 720 seoe
1374 656 1713 735 aetatibus,
1743 657 2079 740 Eaecerpta
2121 678 2201 719 ea·
2231 656 2544 721 chronica
2575 658 2777 724 Euse-

549 742 662 821 bii,
707 763 787 804 eoe
831 742 1037 805 Eutro
1096 742 1177 821 io,
1233 740 1482 821 Orosi0,
1540 763 1620 803 eoe
1670 740 2052 806 Cassiodori
2096 740 2377 804 historia
2416 743 2775 827 tripartita,

550 826 651 889 De
693 826 918 911 primo
980 849 1022 889 a
1075 833 1266 889 ventu
1319 822 1677 889 Gothorum
1732 825 1825 887 ad
1879 824 2144 888 Italiam
2202 834 2259 887 et
2308 825 2521 889 Roma
2564 837 2778 911 capta,

550 910 652 973 De
693 908 926 994 forma
992 931 1062 971 re
1115 910 1169 972 is
1213 906 1477 972 Attilae
1542 930 1621 973 ecc
1683 907 1848 972 libro
1905 908 2264 990 Jordanis‚
2330 909 2432 973 De
2498 911 2779 975 adventu

556 991 957 1057 Oduachar'.
1050 932 1341 1069 &uorum
1396 1002 1649 1077 partem
1702 1016 1847 1057 cum
1902 995 1977 1057 in
2036 992 2252 1056 codice
2307 1001 2442 1056 tum
2491 993 2779 1059 Chelten-

542 1078 844 1141 hamensi
901 1075 1128 1163 (infra
1175 1075 1235 1140 G
1271 1077 1380 1156 *3)
1413 1080 1563 1162 jam
1620 1078 2036 1161 conjunctam
2092 1077 2336 1141 videret
2388 1078 2778 1160 Bethmann,

548 1183 683 1225 non
727 1161 1009 1226 scribam
1067 1161 1502 1243 Veronensem,
1563 1161 1674 1225 sed
1728 1170 2052 1224 auctorem
2096 1183 2146 1224 s.
2192 1160 2306 1223 IX.
2351 1161 2449 1224 vel
2490 1163 2566 1225 X.
2613 1165 2780 1229 hanc

544 1246 928 1310 continuam
951 1243 1105 1330 fere
1147 1267 1366 1309 rerum
1403 1247 1795 1329 praesertim
1838 1246 1910 1308 in
1947 1243 2150 1308 Italia
2178 1253 2511 1330 qestarum
2542 1270 2781 1312 narra-

543 1331 786 1394 tionem
828 1331 1279 1414 composuisse,
1325 1332 1570 1394 statuit.
1640 1329 1974 1415 Inteqrum
2001 1328 2202 1392 Pauli
2246 1352 2279 1393 o
2333 1353 2409 1393 us
2453 1353 2601 1395 vero
2640 1355 2781 1395 cum

540 1413 642 1478 ibi
685 1435 819 1478 non
858 1415 1198 1494 invenerit,
1258 1412 1528 1478 aliunde
1578 1411 1686 1476 ille
1744 1415 1993 1493 sumsit,
2038 1434 2260 1498 eaeemp
2292 1437 2373 1478 ar
2415 1424 2487 1478 ut
2527 1416 2783 1480 videtur

546 1520 679 1561 non
724 1520 929 1561 unum
972 1506 1246 1576 secutus,
1290 1499 1407 1596 qui
1445 1520 1536 1580 pe
1580 1498 1696 1582 qui
1736 1497 1923 1561 modo
1963 1497 2055 1560 ad
2084 1498 2333 1562 codices
2361 1498 2434 1578 F,
2462 1499 2649 1563 modo
2694 1502 2785 1563 ad

546 1580 612 1645 G
662 1581 928 1646 accedat
981 1587 1334 1664 (eoecerptzs
1369 1520 1669 1665 fbrtasse
1713 1581 1957 1645 codicis
2009 1579 2070 1644 G
2096 1579 2165 1642 *3
2210 1585 2425 1661 usus).
2521 1583 2782 1647 Indices

544 1664 736 1729 libris
768 1667 1149 1750 praemissi,
1197 1665 1309 1728 sed
1352 1667 1545 1728 etiam
1588 1663 1873 1750 sin9ulis
1919 1664 2245 1749 capitibus
2295 1687 2780 1753 nonnumquam

548 1771 633 1812 ar
680 1758 941 1813 umenta
973 1750 1333 1832 adscripta.
1379 1747 1633 1813 Addita
1664 1758 1754 1811 est
1770 1758 2123 1833 praeterea
2152 1751 2551 1814 continuatio
2580 1773 2781 1835 usque

546 1772 676 1897 adq
687 1856 749 1897 a.
794 1833 936 1899 825.
984 1833 1282 1914 deducta,
1330 1832 1407 1897 de
1459 1835 1651 1917 cujus
1703 1842 1961 1897 auctore
2013 1855 2146 1897 non
2200 1843 2469 1898 constat.
2545 1833 2778 1899 Scriba

563 1917 944 1983 Veronensis
966 1939 1114 1981 vero
1139 1918 1321 1981 urbis
1353 1938 1511 1981 suae
1535 1915 1830 1981 Annales
1854 1939 2057 2003 usque
2082 1918 2172 1981 ad
2194 1941 2256 1982 a.
2285 1918 2466 1983 1181.
2497 1919 2613 1981 sub
2633 1921 2783 2001 ’ecit,

547 2022 709 2086 quos
754 2001 879 2065 alii
923 2002 1012 2065 ad
1059 2024 1120 2065 a.
1168 1998 1348 2064 1223.
1412 2023 1614 2084 usque
1675 2003 2149 2065 continuarunt
2201 2001 2320 2088 (cf.
2366 2001 2492 2069 SS.
2536 2003 2605 2065 X
2731 2004 2783 2085 1,
2890 2053 2895 2058 .

538 2106 615 2169 p.
678 2085 770 2167 1),
836 2094 894 2149 et
953 2085 1092 2149 alia
1143 2085 1468 2169 quaedam
1523 2086 1600 2150 de
1657 2083 1832 2172 cyclo
1873 2084 2222 2170 paschali,
2297 2088 2375 2150 de
2445 2087 2784 2171 sepulchro

548 2169 845 2250 Domini,
913 2170 988 2233 de
1053 2171 1330 2234 victoria
1416 2169 1754 2234 Saladini.
1885 2169 2191 2255 Sinqulis
2262 2170 2421 2234 libri
2534 2171 2783 2235 artibus

534 2263 889 2337 praeterea
984 2255 1232 2317 icturae
1263 2263 1416 2316 sunt
1463 2253 1775 2339 adjectae,
1821 2255 1984 2317 satis
2029 2254 2355 2339 eleganter
2400 2255 2446 2318 d
2503 2257 2779 2319 ineatae.

554 2336 808 2417 Codice,
881 2278 1039 2402 dllm
1109 2340 1183 2401 in
1256 2337 1633 2403 bibliotheca
1693 2337 2224 2424 Heidelberyensi
2296 2339 2787 2419 adservabatur,

544 2422 827 2486 Freherl
872 2432 930 2484 et
974 2420 1216 2486 Gruter
1259 2425 1367 2486 usi
1407 2432 1578 2485 sunt.

719 2503 855 2590 (64)
902 2506 1085 2571 F422.
1174 2506 1840 2570 Mediolanensis
1886 2505 2425 2571 bibliothecae
2469 2507 2786 2572 Brerae

548 2587 630 2651 A.
663 2590 747 2652 N.
791 2589 969 2670 XIV,
1013 2587 1126 2670 29,
1183 2590 1387 2653 chart.
1434 2613 1483 2654 s.
1527 2589 1701 2655 XVI.
1747 2592 1863 2669 in.,
1907 2590 2180 2653 eandem
2225 2613 2420 2676 quam
2462 2591 2530 2653 F
2545 2593 2589 2656 4
2633 2614 2783 2656 con-

544 2675 976 2736 tinuationem
1068 2674 1299 2740 raebet.

718 2756 855 2845 (65)
902 2696 1063 2820 Ἐξ
1137 2755 1533 2821 Caesena-9
1577 2757 2273 2837 Malatestianus,
2306 2756 2476 2840 plut.
2522 2756 2674 2838 XII,
2722 2758 2783 2839 5,

547 2842 852 2923 ‘scriptus
874 2861 1000 2924 per
1028 2863 1125 2904 me
1153 2840 1472 2907 Jacobum
1505 2840 2008 2927 Perqulitanum
2038 2864 2171 2926 pro
2201 2863 2308 2903 ma
2355 2838 2547 2922 nifico
2579 2851 2637 2904 et
2657 2862 2782 2925 po-

546 2926 707 2987 tenti
750 2924 1009 2989 domino
1056 2926 1316 2989 domino
1363 2923 1713 2988 Malatesta
1759 2924 2034 2989 Novella
2077 2926 2156 2989 de
2185 2925 2299 2988 Ma
2331 2925 2547 2989 atestis
2591 2933 2648 2987 et
2692 2936 2785 2989 est

546 3029 684 3072 com
733 3006 894 3073 letus
936 3009 1000 3072 d.
1044 3006 1104 3071 3.
1133 3009 1293 3074 Jan.
1328 3009 1526 3073 1454’.
1614 3009 1874 3073 Indices
1917 3008 2024 3075 lib.
2070 3009 2124 3073 Ι.
2170 3017 2228 3071 et
2271 3007 2359 3071 II.
2406 3008 2655 3088 desunt,
2710 3018 2785 3072 ut

545 3093 622 3155 in
753 3094 808 3174 1,
865 3114 1137 3178 quocum
1189 3093 1570 3179 plerumque
1630 3096 1965 3176 convenit;
2027 3094 2231 3157 aliam
2283 3114 2433 3157 vero
2491 3094 2785 3178 capitum

547 3176 934 3240 divisionem
976 3178 1281 3259 instituit,
1326 3198 1466 3242 non·
1494 3199 1726 3262 pauca
1773 3177 2125 3242 arbitrarie
2167 3179 2444 3242 mutavit
2486 3186 2542 3242 et
2582 3176 2787 3240 Pauli

547 3284 897 3328 sermonem
948 3283 1143 3347 quam
1194 3265 1475 3326 maxime
1528 3262 1933 3346 deformavit.
2035 3258 2218 3335 Quae
2279 3285 2322 3325 a
2372 3263 2785 3326 Bethmanno

544 3355 809 3413 enotata
849 3355 1131 3430 repetere
1172 3347 1404 3411 inutile
1447 3349 1658 3410 visum
1702 3355 1811 3410 est.

716 3428 946 3494 Plures
989 3452 1137 3494 vero
1188 3439 1446 3494 eoestant
1499 3429 1658 3494 libri
1697 3438 1830 3493 tam
1873 3438 2078 3493 aetate
2122 3451 2319 3516 quam
2372 3426 2592 3493 indole
2636 3449 2786 3493 con·-

546 3517 797 3601 spicui‚
858 3517 972 3600 qui
1027 3514 1118 3578 ad
1160 3515 1226 3577 F
1247 3515 1278 3577 1
1385 3536 1542 3598 rope
1595 3514 1930 3594 accedunt,
1988 3535 2056 3578 eo
2100 3535 2248 3577 vero
2291 3513 2573 3577 maxime
2605 3511 2788 3597 diffe-

544 3609 724 3680 runt,
771 3599 944 3685 quod
984 3600 1236 3663 indices
1278 3539 1595 3663 libororum
1625 3598 1677 3662 Ι.
1724 3607 1781 3661 et
1809 3597 1899 3661 II.
1930 3619 2011 3660 ecc
2037 3598 2328 3683 inqenio,
2370 3596 2527 3660 libri
2565 3596 2666 3660 VI.
2704 3618 2788 3660 ew

546 3683 681 3749 alio
711 3682 914 3747 Pauli
955 3683 1170 3746 codice
1189 3692 1344 3746 sunt
1372 3682 1675 3767 suppleti,
1684 3690 2039 3767 praeterea
2065 3680 2192 3747 loci
2219 3679 2525 3768 nonnulli
2552 3682 2793 3745 mutati

544 3775 604 3830 et
633 3765 1021 3850 plerumque
1066 3766 1433 3851 depravati.
1498 3767 1915 3830 Primaevum
1959 3766 2157 3853 hujus
2188 3766 2417 3830 classis
2448 3763 2788 3848 eoeemplar

532 3852 684 3936 jam
727 3849 1136 3933 deperditum
1179 3859 1311 3932 est;
1355 3851 1509 3914 inde
1555 3851 1838 3915 derivati
1878 3872 2026 3914 vero
2082 3852 2154 3914 in
2198 3849 2587 3914 bibliothecis
2625 3846 2787 3911 Ger-

547 3933 825 3999 manicis
880 3941 1140 3997 exstant
1199 3934 1428 4018 plures
1492 3934 1770 4016 codices,
1843 3937 1917 4000 in
1991 3932 2192 3998 Italia
2264 3955 2437 3997 unus
2507 3941 2785 4014 tantum,

533 4018 897 4103 posteriori
938 4025 1213 4100 tempore
1258 4017 1580 4081 advectus.

719 4101 856 4189 (66)
903 4098 964 4163 G·
997 4100 1051 4163 1.
1154 4098 1625 4165 Giessensis
1685 4101 1809 4164 Nr.
1865 4099 2007 4182 688,
2070 4102 2220 4165 olim
2274 4100 2488 4166 ‘Liber
2545 4100 2788 4166 Sancti

549 4286 603 4348 1)
642 4282 791 4334 Idem
814 4284 1051 4348 fortasse
1103 4291 1194 4344 est,
1244 4299 1396 4349 quem
1443 4282 1650 4346 Moller,
1700 4281 1846 4333 Dies.
1896 4281 1962 4333 de
2010 4281 2182 4334 Paulo
2224 4282 2314 4346 D.,
2364 4279 2557 4347 Alton-f.
2620 4283 2788 4347 1646,
2849 4250 2862 4259 .

534 4374 597 4422 p.
639 4356 724 4418 21,
764 4355 1151 4408 Freherianum
1190 4357 1401 4424 alleqat.
