3042 4909
703 437 926 491 PAULI
964 438 1312 493 HISTORIA
1352 439 2027 494 LANGOBARDORUM.
2416 443 2488 495 35

417 606 527 697 (58
598 606 786 671 F2·.
872 606 1391 674 Parisiensis
1440 608 1565 672 Nr.
1610 606 1796 691 6159,
1854 608 2111 674 membr.
2168 610 2227 674 8.
2272 633 2322 679 s.
2367 611 2484 694 XI,

251 713 391 756 cum
433 690 501 754 F
599 692 700 756 ita
743 692 938 756 etiam
981 692 1056 757 in
1099 689 1261 757 locis
1302 692 1720 779 interpolatis
1750 695 2065 775 convenit,
2110 703 2183 757 ut
2211 716 2292 758 eac
2334 697 2483 781 ipso

251 783 548 859 exceptus
574 774 936 840 censendus
976 785 1154 858 esset,
1198 776 1336 841 nisi
1420 799 1545 841 uae
1573 778 1653 842 de
1683 777 2053 862 scripturae
2083 786 2287 843 aetate
2314 779 2480 864 refe-

250 868 488 923 rantur
518 859 858 924 obstarent.
911 858 1095 934 Quae
1119 860 1181 925 si
1205 867 1370 924 recte
1446 860 1656 944 abent,
1687 862 1882 926 etiam
1904 860 2011 926 hic
2041 884 2122 927 ecc
2152 862 2482 929 Modoetia

247 943 631 1028 repetendus
676 953 796 1008 aut
836 945 1150 1009 vetustior
1191 945 1392 1031 hujus
1433 945 1619 1010 urbis
1662 945 1865 1011 codem
1908 947 2059 1032 jam
2101 946 2481 1032 deperditus

246 1028 629 1092 statuendus
671 1037 778 1097 est.
864 1027 1241 1093 Bethmann
1283 1028 1559 1093 eundem
1591 1030 1866 1116 putavit
1945 1032 2022 1095 ui
2062 1030 2138 1094 in
2181 1030 2394 1095 catalo
2444 1053 2479 1095 o

245 1109 651 1176 bibliothecae
737 1110 1182 1177 Vicecomitum
1251 1111 1572 1197 Papiensi
1644 1136 1705 1178 a.
1781 1111 1902 1177 142
1948 1159 1963 1176 .
2035 1113 2162 1178 Nr.
2233 1115 2395 1179 XXI
2422 1113 2478 1178 Ι.

239 1191 525 1258 Historia
578 1192 946 1259 Lombarda
1044 1196 1183 1260 arvi
1230 1194 1574 1261 voluminis
1626 1219 1669 1260 a
1719 1205 1901 1262 ertur
1950 1197 2159 1280 (Bibl.
2199 1197 2480 1283 publica

241 1277 587 1364 Papiensis
632 1280 753 1346 Tit.
782 1279 967 1346 XXX
973 1217 1042 1361 19,
1069 1278 1110 1343 3
1110 1283 1184 1362 );
1226 1280 1303 1345 id
1346 1278 1521 1368 quod
1549 1281 1651 1344 De
1674 1281 1792 1347 isle
1835 1281 2043 1366 (Hist.
2089 1282 2183 1346 du
2223 1282 2480 1348 cabinet

243 1362 351 1427 des
414 1364 812 1428 manuscrits
856 1386 932 1449 p.
995 1362 1151 1446 126)
1261 1374 1435 1429 ostea
1493 1363 1961 1447 confirmavit&
2048 1365 2151 1448 II,
2211 1365 2477 1431 15—24.

245 1447 482 1511 omissa
537 1446 756 1512 scriba
809 1450 883 1514 in
941 1447 1116 1513 calce
1156 1446 1206 1512 lz
1247 1449 1314 1513 ri
1354 1448 1701 1535 supplevit,
1761 1449 1877 1514 ubi
1918 1449 2216 1515 ultimum
2258 1459 2475 1515 tamen

225 1527 473 1613 folium
513 1531 866 1596 intercidit.

408 1612 547 1704 (59)
590 1614 819 1679 F2·*.
904 1614 1429 1682 Parisiensis
1470 1616 1595 1681 Nr.
1627 1616 1812 1698 6815,
1871 1639 1922 1681 s.
1952 1617 2121 1682 XIV.
2166 1620 2240 1683 in
2284 1640 2473 1683 mem-

239 1696 455 1763 brana
481 1698 657 1764 Itala
685 1721 766 1764 eoe
793 1697 962 1764 F2·
994 1699 1380 1785 descriptus.
1469 1700 1611 1765 Hoc
1656 1702 2073 1766 continentur
2113 1701 2435 1767 volumine
2453 1726 2474 1767 .·

237 1779 526 1864 Solinus,
571 1782 776 1849 Pauli
817 1784 1091 1848 historia
1132 1783 1460 1865 Romana,
1506 1784 1807 1850 Historia
1848 1784 1996 1850 Lan
2046 1785 2472 1869 obardorum,

234 1864 484 1932 Isidori
525 1865 808 1933 historia
839 1867 1215 1951 Gothorum,
1257 1869 1598 1933 Martinus
1628 1868 1934 1951 Polonus,
2080 1892 2261 1935 omae
2290 1870 2473 1935 chro-

235 1950 459 2033 nicon,
520 1948 848 2035 Gaufridi
901 1951 1182 2017 historia
1234 1950 1343 2016 An
1391 1950 1523 2018 liae
1603 1951 1689 2038 cf.
1743 1951 1871 2019 SS.
1914 1953 2121 2036 XXII,
2165 1977 2245 2040 p.
2287 1952 2469 2035 489).

230 2032 482 2137 antem·
525 2055 732 2120 opera
773 2059 920 2100 cum
961 2036 1036 2100 in
1080 2034 1296 2101 codice
1377 2033 1561 2102 ibliot
1605 2060 1753 2102 ecae
1797 2037 2240 2105 Vicecomitum
2266 2037 2471 2186 Pagi}-

230 2139 476 2266 232⁸²15⁸²
525 2117 1586 2270 Y'Plissffiffffii'issss‘uffl'
1605 2119 2467 2291 ..23222'35'25’15252‘322213201

233 2283 410 2368 125),
498 2287 620 2352 uin
660 2288 834 2353 idem
873 2289 959 2353 sit
1049 2287 1301 2353 ubitari
1341 2311 1421 2353 ne
1465 2290 1626 2353 uit².

397 2371 424 2454 (
515 2374 539 2455 )
583 2370 737 2437 F3.
840 2373 1292 2437 Vaticanus
1423 2394 1480 2435 r.
1545 2370 1744 2454 3339,
1810 2371 2067 2436 membr.
2116 2370 2249 2457 fol.
2316 2372 2469 2437 Post

238 2453 543 2519 Orosium
584 2465 644 2519 et
683 2456 886 2521 Pauli
925 2456 1267 2521 historiam
1306 2456 1681 2521 Romanam
1723 2478 1776 2523 s.
1806 2455 1918 2519 XI.
1962 2457 2216 2541 scripta
2257 2477 2324 2520 se
2367 2457 2466 2521 ui-

224 2548 336 2603 tur
375 2539 540 2604 liber
581 2562 787 2605 manu
816 2540 996 2605 Itala
1037 2561 1089 2603 s.
1119 2539 1270 2604 XII.
1301 2561 1399 2605 eoe.
1430 2548 1768 2622 exaratus,
1813 2562 1939 2653 guo
1969 2540 2210 2622 Dares,
2252 2476 2467 2605 Ἰἕὺθτ

222 2622 465 2726 ystoria·
506 2621 587 2689 de
626 2623 870 2725 origine
899 2645 976 2689 ac
1003 2623 1205 2725 gestis
1234 2621 1811 2727 Isongobarqorum
1859 2633 1917 2688 et
1942 2623 2286 2689 Einhardi
2323 2623 2466 2689 Vita

221 2706 480 2876 ᾗῖφῗὶ
504 2717 936 2857 ἳῩ-’πίἒῗῖΐέ
942 2706 1171 2860 16923‘2'2
1212 2707 1564 2858 &fta-‘²⁶22
1595 2707 2464 2874 Ἑὲᾍέἶῖἳῖἷοιῗέᾝ

230 2873 328 2938 12.
363 2874 631 2941 14-25.
662 2874 763 2940 27.
806 2875 888 2941 28
929 2879 1023 2941 in.
1074 2875 1176 2941 32.
1222 2876 1322 2958 VI,
1367 2875 1452 2940 35
1484 2885 1670 2963 part.
1701 2874 1784 2940 22
1815 2885 2000 2961 part.
2034 2875 2113 2940 16
2207 2885 2331 2941 art.
2362 2875 2464 2940 23.

221 2957 323 3023 37.
354 2957 456 3023 28.
487 2959 591 3024 38.
620 2959 724 3024 42.
755 2959 857 3025 53.
887 2960 990 3026 45.
1020 2960 1104 3025 54
1132 2961 1230 3025 in.
1256 2958 1359 3024 48.
1390 2958 1476 3025 54
1506 2969 1691 3047 part.
1722 2960 1824 3026 55.
1854 2959 1957 3025 56.
1987 2958 2090 3024 57.
2220 2969 2406 3047 part.
2407 2962 2464 3042 ),

222 3042 426 3130 hujus
469 3040 703 3109 classis
747 3045 963 3110 codice
1006 3067 1169 3109 usus
1212 3053 1320 3108 est.

387 3126 497 3218 (61
557 3127 737 3192 F32.
780 3129 1211 3194 Romanus
1247 3126 2048 3210 CasanatensisAII,
2078 3128 2179 3210 34,
2209 3126 2464 3193 membr.

197 3208 331 3291 fol.
377 3232 431 3274 s.
587 3211 665 3291 V,
713 3221 870 3299 post
917 3213 1289 3278 Martinam
1342 3211 1666 3278 Polonum
1721 3222 1780 3278 et
1833 3212 2036 3278 aliam
2091 3212 2467 3278 chronicam

214 3296 411 3359 etiam
439 3294 767 3378 Daretem,
796 3297 1129 3383 Excerpta
1157 3297 1473 3362 historiae
1494 3297 1643 3362 Lan
1694 3296 2108 3379 obardorum,
2129 3295 2469 3362 Einhardi

225 3376 434 3443 Vitam
461 3378 720 3462 Karoli,
751 3401 1001 3445 necnon
1037 3380 1627 3483 Cosmographiam
1700 3381 1858 3447 abet.
1925 3379 2109 3455 Quae
2149 3402 2464 3466 maynam

202 3463 761 3636 Ρωῖΐῖἷῗὲἷῖ
803 3475 1207 3615 ”iiiam
1220 3463 1726 3629 ifffflf‘ssoee,
1784 3548 1987 3648 aar-t.
2030 3545 2074 3609 4
2152 3568 2214 3613 a.
2264 3545 2446 3611 1488.

210 3628 535 3697 Perusiae
592 3641 937 3716 exaratus,
995 3633 1110 3699 ubi
1161 3635 1335 3699 inter
1400 3633 1545 3699 alia
1595 3630 1803 3696 multa
1856 3593 2128 3696 aliunde
2192 3627 2453 3695 collecta

213 3713 507 3794 historia,
541 3714 662 3782 illa
704 3716 1300 3804 Langobardorum
1355 3727 1414 3781 et
1465 3714 1808 3803 cataloqus
1858 3716 2327 3800 imperatorum
2379 3714 2455 3779 in

213 3798 281 3863 F
296 3799 340 3866 3
383 3800 459 3864 in
503 3798 678 3866 calce
720 3801 1033 3867 historiae
1072 3803 1416 3868 Romanae
1461 3802 1732 3867 additus
1776 3808 1927 3865 sunt
1968 3800 2318 3885 descripta.

390 3882 571 3973 *(63)
614 3883 758 3949 F4.
860 3885 1314 3952 Vaticanus
1355 3885 1804 3951 Palatinus
1846 3884 1969 3947 Nr.
2014 3882 2159 3966 927,
2203 3882 2459 3949 membr.
2480 3902 2554 3958 ’μ
2574 3905 2644 3948 ετ.

214 3989 280 4032 a.
330 3968 516 4033 1181.
574 3970 649 4035 in
703 3972 1100 4036 monasterio
1159 3969 1233 4037 S.
1281 3971 1632 4037 Trinitatis
1673 3970 1923 4035 Montis
1978 3967 2214 4034 Oliveti
2243 3989 2461 4053 prope

225 4050 548 4120 Veronam
602 4074 744 4119 una
796 4076 1003 4119 manu
1056 4057 1373 4120 continua
1431 4063 1769 4121 eoearatus.
1862 4052 2064 4119 Pauli
2116 4052 2458 4118 historiam

214 4251 271 4316 1)
315 4249 606 4320 Gataloqus
643 4248 732 4304 ille
759 4251 833 4303 ad
857 4251 969 4318 ejus
994 4250 1235 4305 notitiam
1270 4269 1378 4305 non
1403 4252 1564 4305 venit.
1714 4251 1772 4318 2)
1812 4251 1883 4303 In
1909 4258 2195 4319 tequmento
2237 4250 2452 4319 leyiturx

210 4324 295 4376 Ex
333 4325 488 4379 libris
538 4324 915 4392 hystorialibus
955 4324 1100 4393 pul⁸⁰
1140 4327 1191 4378 6.
1341 4326 1402 4392 8)
1440 4324 1512 4376 Id
1561 4325 1704 4391 quod
1754 4323 1812 4376 in
1856 4324 1971 4392 fine
2011 4329 2190 4390 aperte
2227 4323 2451 4376 dicitur.-

207 4396 454 4467 Explicit
492 4402 753 4451 tractatus
793 4398 860 4451 da
897 4398 1034 4451 libro
1070 4399 1268 4466 ystoria
1295 4397 1775 4467 Langobardorum
1814 4398 2117 4449 summatim
2155 4401 2451 4450 extractus.

1916 4496 1984 4548 3.
