3042 4909
689 423 914 476 PAULI
949 422 1299 477 HISTORIA
1338 424 2011 480 LANGOBARDORUM.
2404 432 2471 480 19

220 590 386 657 libro
449 591 540 655 ad
557 593 724 655 ’utus
777 600 896 671 est,
974 591 1092 677 qui
1155 591 1415 657 saeculo
1475 592 1576 658 VI.
1642 603 1942 677 emen-nte,
2018 594 2153 659 VII.
2205 598 2508 664 ineunte-

220 676 388 740 vixit
433 681 506 758 (o
550 676 627 739 iit
668 698 732 739 a.
763 674 922 755 612)
967 684 1026 737 et
1065 675 1276 741 Paulo
1318 684 1466 741 teste
1509 680 1924 742 ‘succinctam
1967 680 2047 742 de
2087 679 2232 744 Lan
2284 682 2468 745 obar-

217 759 455 824 dorum
481 759 681 844 ,qestis
711 760 1068 843 composuit
1088 759 1449 825 historiam'
1517 760 1626 842 IV,
1649 759 1732 825 42
1740 784 1765 843 ;
1798 763 1884 847 cf.
1907 762 2034 843 III,
2058 762 2159 826 28.
2187 763 2232 826 Ι
2284 812 2303 846 ,
2328 764 2468 847 27),

262 866 358 908 ua
398 842 699 927 fortasse
755 843 951 907 etiam
998 844 1384 928 antiquiora
1439 845 1452 860 ‘
1503 866 1548 908 a
1598 853 1721 910 tem
1773 867 1894 910 ora
1935 847 2198 932 tetiqit1.
2292 846 2469 914 Certe

272 926 475 991 aulus
518 948 957 1014 quaecumque
999 926 1077 991 de
1105 928 1296 991 rebus
1326 948 1377 990 s.
1424 927 1526 991 VI.
1571 937 1629 991 et
1757 929 1810 992 I.
1901 931 2052 994 estis
2083 932 2468 996 accuratim

216 1010 420 1095 refert
450 1032 531 1074 eoe
561 1010 683 1074 hac
713 1013 1019 1077 sumsisse
1062 1011 1432 1096 *putandus
1474 1020 1621 1093 est',
1671 1035 1802 1098 qua
1893 1014 2189 1077 estitutus
2221 1014 2466 1079 brevem

215 1103 270 1157 et
331 1095 616 1179 ’ejunam
659 1102 911 1159 tantum
967 1102 1324 1178 temporum
1379 1095 1906 1182 subsequentium
1947 1099 2249 1161 notitiam
2292 1098 2472 1163 dedit

216 1117 372 1261 (1¹37,
406 1177 490 1240 23
534 1199 667 1263 sqq.
671 1181 727 1257 ).
816 1177 943 1243 His
985 1199 1136 1242 vero
1180 1201 1259 1242 ea
1300 1180 1586 1243 inseruit
1628 1203 1796 1265 quae
1839 1179 1918 1243 de
1961 1182 2470 1267 imperatoribus

219 1260 991 1346 Constantinopolitanis,
1038 1262 1116 1326 de
1144 1263 1406 1364 regibus
1433 1262 1868 1345 Francorum,
1914 1264 1993 1328 de
2035 1266 2468 1349 scriptoribus

214 1345 703 1427 ecclesiasticis,
763 1345 842 1409 de
884 1355 1279 1411 monasterio
1324 1344 1395 1410 S.
1440 1346 1786 1412 Benedicti
1829 1358 2156 1433 comperta
2216 1348 2465 1433 habuit,

214 1430 311 1495 ita
358 1439 432 1493 ut
462 1428 828 1515 generalem
850 1427 1006 1514 fere
1051 1451 1104 1493 s.
1145 1430 1333 1494 VL—
1351 1429 1527 1495 VIII.
1561 1432 1903 1497 historiam
1934 1433 2251 1515 conderet,
2300 1456 2467 1518 quae

212 1513 534 1578 historiae
587 1513 929 1578 Romanae
986 1514 1060 1577 in
1113 1514 1323 1579 medio
1381 1514 1639 1579 saeculo
1700 1516 1800 1580 VI.
1860 1517 2215 1581 desinentis
2311 1520 2468 1583 uasi

213 1598 625 1662 continuatio
680 1599 897 1680 possit
961 1597 1208 1661 haberi.
1316 1597 1426 1663 Ad
1489 1621 1729 1663 manus
1794 1601 1855 1664 ei
1900 1599 2189 1678 fuerunt
2338 1603 2467 1667 inii

213 1681 498 1746 historia
530 1680 887 1761 naturalis,
933 1678 1157 1744 Servii
1198 1683 1700 1747 commentarius
1743 1683 1818 1747 in
1864 1682 2236 1770 Vergilium,
2281 1707 2467 1770 quem

216 1764 479 1830 Donati
507 1765 768 1829 nomine
794 1764 1032 1828 laudat
1062 1764 1189 1846 (ΙΙ,
1220 1763 1360 1845 23),
1411 1763 1768 1851 Cataloqus
1785 1769 2299 1850 provinciarum
2328 1768 2461 1831 Ita-

213 1848 343 1914 liae
372 1846 569 1933 infra
598 1847 889 1913 edendus
922 1847 1050 1930 (ΙΙ,
1074 1847 1213 1931 20),
1244 1848 1496 1913 Isidori
1525 1850 1880 1915 chronicon
1910 1860 1968 1916 et
1995 1851 2288 1938 Etymolo
2339 1854 2465 1933 iae,

214 1930 531 2020 Gregorii
576 1932 630 1995 Ι.
676 1931 920 2018 Magni
983 1931 1240 2019 dialogi
1290 1940 1349 1998 et
1402 1932 1746 2018 epistolae,
1828 1931 2027 2000 Gesta
2079 1875 2465 2020 pontificum

213 2017 668 2082 Romanorum
700 2013 792 2079 ad
822 2013 1217 2115 &tegorium
1246 2015 1338 2079 II.
1368 2039 1448 2080 us
1493 2039 1574 2081 ue
1604 2018 1904 2099 deducta,
1949 2018 2172 2084 Marci
2200 2041 2465 2084 carmen

212 2101 284 2164 in
316 2100 582 2164 laudem
611 2099 682 2163 S·
714 2099 1059 2164 Benedicti
1088 2100 1178 2182 (Ι,
1209 2097 1348 2181 26),
1455 2102 1732 2248 umffiffiii
1758 2103 1899 2165 vita
1930 2100 2252 2183 Severini,
2296 2101 2458 2167 Aut-

206 2186 389 2269 perti
432 2185 572 2248 vita
617 2181 939 2247 Paldonis
983 2192 1041 2247 et
1073 2184 1356 2248 Tasonis
1401 2183 1502 2268 (V
1529 2233 1548 2266 ,
1708 2233 1727 2265 ,
1780 2185 2110 2251 Jordanis
2165 2185 2327 2250 liber
2384 2186 2463 2251 de

211 2269 403 2332 rebus
432 2266 673 2332 Geticis
719 2266 846 2351 (ΙΙ,
881 2267 959 2332 17
961 2271 1072 2349 )³,
1119 2265 1435 2354 Gregorii
1479 2270 1878 2334 Turonensis
1922 2269 2226 2333 Historia
2269 2268 2459 2335 eccle·

213 2353 487 2416 siastica
539 2349 986 2432 Francorum,
1050 2353 1125 2416 in
1192 2375 1325 2439 qua
1390 2350 1598 2416 multa
1662 2353 1859 2415 etiam
1915 2353 1993 2416 de
2047 2352 2460 2417 Francorum

215 2434 393 2500 bellis
447 2457 596 2500 cum
638 2434 787 2499 Lan
839 2434 1107 2500 obardis
1149 2438 1346 2522 gestis
1388 2437 1697 2518 invenit⁴,
1751 2436 1974 2501 Bedae
2016 2435 2179 2499 liber
2222 2436 2300 2500 de
2344 2458 2459 2500 sex

215 2518 536 2585 aetatibus
593 2456 833 2583 mundi
890 2527 948 2582 et
1006 2519 1308 2584 Historia
1370 2519 1806 2584 ecclesiastica
1861 2517 2265 2606 Anylorum,
2331 2520 2454 2584 Di-

213 2611 538 2689 qestorum
580 2602 783 2667 codeoe
827 2602 917 2684 (Ι,
949 2600 1087 2683 25),
1132 2604 1409 2668 Edictus
1449 2603 1770 2667 Rotharis
1816 2626 1960 2668 cum
2005 2602 2458 2669 additionibus

217 2684 592 2752 Grimoaldi
644 2686 734 2770 (I,
765 2685 866 2749 21.
927 2686 991 2767 V,
1024 2686 1176 2768 33),
1229 2708 1260 2750 e
1312 2687 1638 2771 itaphium
1681 2687 2036 2752 Droctonis
2092 2689 2266 2775 quod
2321 2688 2455 2752 Ra-

212 2792 460 2835 vennae
491 2769 789 2835 eccstabat
854 2768 984 2852 ΙΙΙ,
1018 2769 1153 2849 19).
1329 2780 1584 2834 aeterea
1605 2770 1832 2854 fastos
1864 2770 1961 2834 vel
1992 2770 2271 2837 annales
2300 2793 2350 2835 s.
2390 2772 2454 2837 V.

215 2854 299 2937 (I,
331 2854 434 2919 25.
482 2854 572 2937 ΙΙ,
602 2852 749 2933 14),
834 2862 1081 2917 ortasse
1123 2854 1318 2918 etiam
1360 2854 1731 2939 cataloqum
1777 2854 2015 2919 ducum
2057 2855 2457 2921 Beneventa-

212 2949 480 3003 norum⁵
527 2946 584 3000 et
613 2936 1118 3021 Spoletanorum
1156 2936 1462 3002 habuisse
1490 2938 1845 3022 putandus
1876 2946 1982 3003 est.
2070 2936 2278 3004 Plura
2307 2961 2455 3003 vero

214 3042 414 3107 eaque
442 3024 678 3108 maqni
698 3019 1034 3105 facienda
1064 3021 1259 3086 etiam
1288 3043 1368 3085 etc
1400 3022 1644 3106 populi
1673 3043 1779 3086 ore
1810 3020 2081 3107 colleqit,
2128 3025 2261 3088 sive
2306 3044 2453 3087 car-

213 3203 346 3254 Acta
383 3207 512 3254 sunt
548 3216 712 3269 supra
748 3203 953 3270 scripta
992 3204 1174 3254 omnia
1209 3204 1265 3252 in
1321 3202 1541 3253 civitate
1578 3202 1895 3254 Tridentina
1942 3204 1999 3253 in
2037 3203 2159 3254 loco
2197 3202 2456 3269 Anagnis,

210 3275 529 3343 presedente
579 3274 813 3342 Agnello
867 3276 1121 3343 episcopo
1172 3290 1312 3326 anno
1363 3275 1414 3328 3.
1468 3273 1701 3343 expleto.
1774 3276 1894 3341 Ego
1945 3275 2226 3327 Secundus
2270 3291 2460 3328 servus

213 3349 411 3401 Christi
448 3349 640 3416 scripsi
678 3350 781 3400 hec
823 3349 1187 3401 conversionis
1239 3363 1391 3400 sacre
1428 3347 1719 3414 relegionis
1767 3364 1886 3399 mee
1922 3363 2059 3398 anno
2104 3348 2187 3411 15,
2244 3349 2456 3415 imperii

211 3421 411 3474 Tiberii
462 3437 603 3473 anno
653 3424 841 3490 prime,
895 3437 1079 3474 mense
1117 3422 1291 3484 Iunio,
1329 3419 1516 3472 indict.
1563 3422 1648 3473 13.
1837 3419 1893 3485 1)
1944 3417 2178 3472 Secundi
2227 3419 2457 3473 codicem

213 3495 383 3547 adhuc
426 3511 469 3546 s.
510 3493 647 3547 XII.
697 3494 924 3546 Brixiae
967 3493 1164 3562 fuisse,
1204 3493 1409 3546 incerta
1458 3502 1536 3546 est
1584 3493 1802 3558 notitia3
1853 3492 2103 3560 Emmert‚
2158 3509 2248 3558 ap.
2289 3491 2450 3545 Mons

210 3567 467 3635 Anzei9er
509 3568 669 3631 1889,
699 3584 764 3634 p.
805 3568 932 3619 282.
1085 3565 1145 3634 2)
1186 3566 1266 3634 (ff.
1307 3566 1497 3618 Baudi
1547 3565 1607 3618 di
1655 3565 1850 3630 Vesme,
1900 3563 2100 3616 Edicta
2136 3563 2348 3616 Introd.
2377 3582 2447 3631 p.

208 3638 463 3705 LXXIV,
493 3641 588 3707 qui
625 3649 801 3693 tamen
837 3640 1009 3694 nimia
1027 3641 1243 3708 fiducia
1279 3640 1346 3692 de
1384 3639 1607 3707 sinyulis
1645 3639 1770 3691 locis
1802 3637 2037 3707 judicat.
2117 3635 2265 3699 Quae
2306 3635 2450 3690 Oont.

208 3712 456 3779 Prosperi
491 3713 823 3766 Havniensis
860 3714 927 3766 de
963 3712 1340 3782 Langobardi-s
1376 3721 1571 3765 narrat
1618 3720 1804 3765 notatu
1851 3712 2010 3764 valde
2047 3711 2216 3778 digna
2255 3727 2321 3763 ex
2360 3710 2450 3764 Se-

208 3786 376 3838 cundo
415 3795 593 3838 sumta
629 3803 756 3851 esse,
792 3787 1097 3840 Bethmann
1136 3784 1324 3852 (Arch.
1360 3785 1427 3850 Χ,
1462 3803 1519 3852 p.
1561 3785 1712 3852 881),
1752 3783 1903 3837 Hills
1941 3783 2022 3852 (p.
2067 3784 2180 3850 10),
2220 3783 2320 3837 alii
2344 3794 2455 3836 sta-

210 3867 435 3911 tuerunt.
513 3858 624 3912 Sed
657 3868 796 3912 recte
833 3859 1022 3912 Jacobi
1067 3860 1163 3912 hoc
1199 3856 1431 3928 negavit.
1595 3859 1655 3924 8)
1718 3858 1889 3910 Unum
1939 3858 2078 3910 hunc
2129 3859 2299 3910 locum
2345 3874 2454 3910 non

207 3932 388 4002 magni
423 3934 684 3999 facerem,
722 3931 831 3984 nisi
878 3933 936 3984 in
974 3931 1197 3985 historia
1245 3932 1493 3984 Romana
1541 3930 1755 3998 saepius
1793 3948 1850 3984 eo
1897 3947 2026 3983 usus
2077 3939 2224 3983 esset.
2300 3929 2458 3982 Libri

205 4007 266 4059 de
301 4023 588 4076 reynerum
638 4006 960 4060 successione
1009 4014 1150 4059 certa
1201 4003 1424 4073 vestiqia
1473 4005 1626 4057 haud
1673 4003 1870 4056 inveni.
2022 4003 2081 4070 4)
2133 4003 2455 4072 Fredegarii

209 4078 461 4146 epitomen
500 4088 548 4132 et
593 4079 874 4132 chronicon
920 4077 1059 4132 inter
1107 4077 1273 4130 Pauli
1312 4079 1499 4144 fontes
1544 4094 1653 4129 non
1701 4076 1987 4141 retulerim,
2045 4076 2287 4142 quamvis
2317 4093 2448 4128 non-

205 4169 492 4221 numquam
531 4152 640 4218 (II,
681 4153 734 4204 ὃ.
774 4152 878 4217 IV,
922 4153 1004 4207 15.
1046 4153 1135 4203 43.
1177 4153 1273 4216 50)
1312 4149 1512 4202 similia
1548 4159 1751 4202 narret.
1903 4148 1962 4217 5)
2001 4147 2176 4201 Nimis
2213 4158 2349 4201 certe
2387 4150 2453 4201 de

209 4225 445 4278 chronico
485 4226 682 4278 ducum
734 4225 1231 4278 Beneventanorum
1281 4223 1513 4291 loquitur
1550 4220 1739 4275 Baudi
1775 4222 1836 4274 di
1883 4222 2061 4274 Vesme
2096 4239 2147 4287 p.
2190 4220 2451 4274 LXXIV.

217 4297 339 4351 Tale
375 4298 424 4352 si
470 4299 769 4363 exstitisset,
824 4296 883 4349 in
935 4297 1108 4351 Gestis
1157 4312 1274 4363 epp.
1329 4295 1823 4362 Neapolitanorum,
1894 4294 2016 4346 Vita
2062 4295 2295 4346 Barbati
2340 4296 2452 4362 ejus

207 4370 425 4442 vestigia
463 4371 861 4439 deprehendere
903 4371 1226 4424 deberemus.

1922 4466 1989 4516 2.

2487 1031 2504 1048 “
2521 1044 2566 1084 p.
2584 1034 2659 1079 86·
