3042 4909
560 410 629 459 82
852 406 1074 458 PAULI
1113 403 1463 456 HISTORIA
1502 403 2172 456 LANGOBARDORUM.
2250 403 2395 454 LIB.
2434 403 2511 456 11.

280 613 287 621 -
374 577 663 644 ·p.71.*2.
752 572 1089 654 Quomodo
1132 570 1354 634 Narsis
1397 569 1878 634 Buccellinuma
1923 578 1987 634 et
2013 570 2366 655 Amingum
2407 572 2805 637 Francorum

749 656 984 721 duoesb
1045 654 1396 740 superavit,
1457 663 1521 718 et
1574 652 1653 718 de
1693 663 1895 717 morte
1939 653 2306 718 Leuthariic
2348 655 2530 721 tercii
2572 654 2776 721 ducis·

602 742 663 806 3.
751 738 1088 821 Quomodo
1149 737 1371 801 Narsis
1438 736 1752 802 Sinduald
1768 737 1797 780 ‘¹
1862 737 2255 802 Herulorum
2316 738 2612 823 regulum
2684 740 2808 806 sibi

746 821 1153 889 rebellantem
1171 833 1195 864 e
1240 822 1536 886 extinxit.

600 909 661 973 4.
748 907 852 972 De
897 907 950 971 si
997 908 1094 970 nis
1137 903 1540 991 pestilentiae
1583 912 1647 969 et
1686 903 2069 970 mortalitate
2113 927 2276 992 quae
2316 914 2603 992 tempore
2645 908 2808 974 Nar-

749 991 940 1055 setisf
1016 988 1233 1054 taliam
1277 990 1573 1053 vastavit.

602 1076 664 1140 5.
749 1075 855 1139 De
899 1073 1144 1139 invidia
1185 1072 1622 1136 Romanorum
1685 1071 1996 1137 adversus
2060 1073 2423 1157 Narsetem,
2484 1083 2548 1139 et
2564 1086 2594 1130 8
2696 1096 2806 1140 uo-

751 1158 945 1223 modo
990 1180 1136 1222 eum
1189 1166 1655 1221 accusaverunt
1696 1178 1736 1219 a
1782 1155 1870 1219 ud
1911 1157 2379 1242 imperatorem,
2432 1166 2494 1223 et
2538 1181 2625 1245 qu
2693 1161 2810 1225 'ter

750 1245 772 1306 i
822 1264 889 1307 se
908 1242 1132 1306 Narsis
1161 1239 1620 1325 Langobardos
1641 1239 1723 1304 ad
1779 1239 1997 1304 taliam
2019 1241 2474 1327 possidendam
2494 1243 2808 1309 invitavit.

756 1266 1142 1407 (Euomodo¹¹
1187 1322 1427 1388 Alboin
1471 1323 1763 1389 Saxones
1785 1324 1887 1388 ad
1930 1346 2120 1387 suum
2162 1325 2475 1390 auxilium
2517 1326 2810 1392 adscivit.

752 1408 1069 1492 Qualiteri
1112 1405 1349 1471 Alboin
1411 1429 1559 1470 cum
1622 1406 2085 1493 Langobardis‚
2145 1408 2367 1475 relicta
2408 1412 2742 1476 Pannonia
2758 1412 2811 1493 k,

750 1494 833 1558 ad
876 1491 1128 1558 Italiam
1170 1492 1365 1555 venit.

756 1575 1098 1658 Quomodo
1127 1572 1368 1640 Alboin
1394 1574 1477 1638 ad
1504 1573 1729 1638 Italiae
1772 1574 1932 1638 fines
1960 1577 2243 1657 venienS‚
2287 1587 2569 1642 montem
2613 1578 2810 1665 Regis

754 1659 1060 1740 ascendit,
1107 1668 1170 1723 et
1213 1658 1292 1723 de
1334 1657 1726 1723 bisontibus¹
1769 1658 1939 1722 ferie.

756 1742 1096 1825 Quomodo
1125 1741 1363 1807 Alboin
1390 1741 1807 1807 Venetiarum
1829 1742 1989 1806 fines
2011 1743 2353 1828 ingressuS,
2376 1743 2442 1807 in
2459 1755 2500 1787 ¹¹¹
2523 1742 2809 1807 Foroiuli

755 1826 1084 1894 Gisulfum
1127 1848 1313 1890 suum
1356 1836 1655 1911 nepotem
1699 1824 1930 1891 ducem
1974 1827 2318 1891 constituit.

568 1912 666 1977 10.
755 1912 886 1994 Qui
926 1932 1113 1997 reges
1141 1931 1217 1975 eo
1246 1917 1533 1995 tempore
1560 1910 1827 1974 Francis
1875 1908 2298 1996 imperabant,
2342 1918 2406 1973 et
2433 1909 2561 1974 de¹¹
2604 1910 2810 1976 Bene-

752 1995 927 2061 dicto
971 2015 1142 2081 papa
1208 1993 1416 2080 deque
1434 2004 1459 2035 ⁰
1504 1992 1706 2057 Paulo
1748 1992 2147 2079 Aquileiensi
2190 1993 2572 2078 patriarcha.

567 2079 666 2143 11.
751 2079 857 2145 De
898 2088 1104 2143 morte
1144 2077 1451 2142 Narsetis.

567 2163 665 2228 12.
750 2163 856 2228 De
897 2161 1112 2227 Felice
1156 2163 1459 2259 episcopo
1526 2159 1923 2243 Tarvisiam,
1990 2159 2356 2248 quomodov
2422 2159 2662 2226 Alboin
2722 2159 2808 2224 ad

751 2244 1018 2313 Plabem
1061 2245 1328 2310 fluvium
1371 2245 1666 2310 occurrit.

569 2331 665 2395 13.
750 2331 855 2396 De
897 2330 1019 2395 hoc
1063 2329 1288 2395 eodem
1330 2326 1549 2394 Felice
1594 2337 1657 2393 et
1696 2329 2052 2393 Fortunato
2097 2328 2563 2427 sapientissimo
2607 2328 2764 2393 viro.

567 2415 666 2479 14.
753 2414 1093 2497 Quomodo
1137 2412 1375 2477 Alboin
1425 2412 1844 2478 Venetiarum
1898 2414 2275 2499 provinmas
2331 2413 2519 2499 cepit,
2578 2421 2677 2478 et‘
2728 2410 2810 2477 de

749 2499 1006 2562 nomine
1046 2496 1149 2562 vel
1192 2496 1429 2562 finibus
1472 2496 1762 2561 eiusdem
1803 2496 2130 2562 Venetiae.

566 2580 665 2647 15.
748 2582 1161 2729 Rgffii'igffia
1177 2593 1199 2623 ⁸
1245 2579 1528 2646 secunda
1567 2578 1789 2645 Italiae
1830 2582 2168 2666 provincia
2182 2584 2220 2663 ‘‚
2277 2589 2386 2648 et¹¹
2429 2582 2509 2647 de
2554 2579 2809 2646 duabus

922 2686 952 2728 s
968 2677 1018 2728 V.

565 2792 769 2840 obsessa,
797 2793 844 2830 et
875 2789 999 2839 quod
1037 2790 1172 2829 famis
1215 2790 1479 2829 universam
1527 2788 1714 2828 Italiam
1758 2788 2085 2830 devastaverit.
2149 2790 2221 2829 27.
2252 2790 2342 2829 Hic
2380 2787 2558 2829 Albuin
2588 2788 2806 2829 Ticinum

562 2849 840 2898 ingreditur.
912 2847 981 2888 28.
1011 2847 1084 2887 De
1131 2858 1187 2888 eo
1219 2847 1341 2896 quod
1379 2845 1557 2886 Albuin
1598 2846 1782 2887 insidiis
1822 2846 2137 2888 Rosimundae
2178 2857 2291 2888 suae
2335 2847 2547 2895 coniugis
2591 2847 2808 2889 Veronae

565 2910 627 2950 sit
655 2909 975 2956 interemptus.
1073 2906 1142 2948 29.
1173 2905 1308 2951 Quod
1336 2905 1582 2956 Helmigis,
1623 2905 1827 2945 extincto
1855 2903 2046 2956 Album,
2090 2915 2192 2945 cum
2221 2905 2509 2946 Bosimunda
2537 2904 2810 2947 Ravennam

566 2966 699 3017 fugit,
730 2964 812 3005 ubi
842 2964 932 3005 Dei
962 2964 1134 3004 iudicio
1164 2966 1360 3012 uterque
1404 2973 1587 3004 veneno
1616 2973 1710 3003 uno
1752 2966 1988 3003 momento
2029 2964 2282 3013 perierunt.
2346 2964 2416 3004 80.
2448 2963 2537 3004 Ubi
2567 2963 2810 3012 Longinus

563 3024 825 3076 praefectus
855 3022 1115 3062 Albsuinda
1146 3021 1472 3075 (Albsuindam
1501 3023 1546 3063 4.
1578 3019 1639 3062 ⁸5.
1671 3022 1783 3062 5aet
1812 3033 1834 3061 e
1863 3032 1977 3063 corr.
2012 3020 2073 3073 1),
2120 3021 2311 3062 Albuini
2343 3022 2466 3070 regis
2497 3021 2660 3073 filiam,
2693 3021 2809 3063 Con-

563 3081 910 3132 stantinopolim
942 3081 1097 3123 mittit.
1161 3082 1234 3122 31.
1267 3081 1357 3122 Ubi
1389 3081 1501 3130 clep
1541 3080 1709 3132 (cleph
1740 3080 1803 3133 4),
1849 3080 2189 3120 nobilissimum
2220 3082 2271 3121 in
2314 3081 2429 3121 urbe
2470 3080 2805 3133 Ticinensium‚

563 3141 861 3190 Langobardi
890 3139 979 3179 sibi
1011 3150 1167 3190 regem
1197 3142 1468 3181 statuerunt.
1532 3140 1603 3179 32.
1636 3141 1707 3179 De
1750 3151 1806 3180 eo
1848 3140 1970 3188 quod
2009 3143 2190 3180 mortuo
2235 3139 2346 3190 Clep
2377 3139 2676 3188 Langobardi
2721 3149 2808 3190 per

565 3210 713 3241 annos
759 3199 917 3238 decem
963 3198 1047 3238 sub
1095 3198 1288 3239 ducibus
1335 3200 1536 3239 fuerunt.
1632 3197 2020 3251 (BXPLICIUNT
2071 3197 2376 3240 CAPITULA
2420 3198 2526 3238 add.
2575 3200 2618 3239 1.
2668 3199 2715 3240 2.
2745 3196 2806 3250 4).

566 3260 603 3299 F
637 3261 693 3299 la
722 3258 885 3297 indices
915 3258 1044 3308 hujus
1073 3258 1174 3297 libri
1202 3258 1267 3296 ita
1297 3257 1347 3297 de
1375 3268 1457 3296 suo
1476 3257 1636 3308 flua-iet
1700 3260 1742 3297 1.
1774 3258 1847 3298 De
1876 3257 2053 3298 Narseo
2085 3259 2291 3308 patritio.
2363 3259 2406 3301 2.
2440 3257 2573 3305 Quod
2603 3257 2806 3298 Narseus

564 3318 834 3358 Bucilinum
864 3317 978 3357 vicit
1007 3320 1053 3357 et
1082 3317 1327 3359 interfecit
1391 3317 1433 3357 3.
1465 3317 1585 3357 Item
1616 3316 1674 3357 de
1687 3317 1896 3357 Narsetis
1928 3316 2123 3357 actibus.
2184 3318 2227 3356 4.
2257 3317 2331 3358 De
2361 3321 2491 3368 peste
2522 3317 2808 3365 inguinaria.

565 3376 604 3417 5.
637 3376 772 3422 Quod
815 3376 1013 3416 Romani
1056 3376 1297 3416 Narsetem
1341 3379 1691 3416 accusaverunt.
1768 3376 1809 3416 6.
1842 3375 1975 3421 Quod
2006 3374 2178 3416 Alboin
2223 3387 2252 3416 a
2283 3376 2477 3416 Narsete
2523 3376 2575 3415 in
2615 3376 2803 3415 Italiam

565 3438 757 3477 vocatus
802 3435 863 3474 sit
891 3440 964 3477 ecc.
1027 3435 1222 3485 Denique
1262 3436 1299 3474 F
1331 3436 1372 3476 2.
1408 3433 1449 3475 G
1482 3435 1508 3474 6
1540 3436 1629 3477 ita:
1676 3434 1837 3474 Narsis
1883 3437 2173 3484 pugnaturus
2220 3446 2323 3475 cum
2371 3435 2533 3478 Gothis
2580 3435 2808 3475 auxilium

562 3495 738 3535 habens
751 3493 1163 3542 Langobardorum
1191 3494 1339 3534 vincit
1367 3493 1548 3547 (deestF
1565 3491 1627 3545 2).
1688 3494 1974 3534 Francorum
2004 3494 2140 3534 duces
2169 3494 2453 3534 Bucillinum
2484 3496 2531 3534 et
2558 3493 2810 3543 Amineum

565 3553 726 3595 Narsis
757 3556 958 3603 superat.
1014 3553 1180 3610 *Narsis
1212 3551 1439 3593 sinduald
1484 3553 1791 3593 rebellantem
1822 3553 1993 3592 occidit
2022 3556 2068 3594 et
2096 3553 2283 3593 Italiam
2328 3556 2473 3594 totam
2518 3553 2735 3602 subiugat
2765 3555 2812 3593 et

564 3613 712 3653 iustus
743 3611 1020 3652 describitur
1052 3610 1119 3666 (et
1152 3635 1204 3643 —-
1247 3612 1526 3652 describitur
1565 3612 1652 3653 des.
1685 3613 1722 3651 F
1754 3610 1820 3662 2).
1876 3612 1977 3652 Hoc
2021 3615 2228 3662 tempore
2272 3613 2545 3662 gravissima
2585 3612 2728 3663 pestis
2759 3611 2809 3651 in

565 3671 759 3720 Liguria
790 3674 891 3711 orta
921 3674 991 3711 est
1019 3675 1094 3712 etc.
1212 3669 1262 3722 p)
1294 3672 1357 3711 ita
1386 3672 1429 3710 D
1465 3673 1506 3714 1.
1534 3672 1574 3711 E
1610 3673 1659 3721 13
1693 3671 1856 3710 cartoi.
1887 3670 1929 3710 A
1960 3668 2032 3721 ’ὃς
2065 3670 2260 3714 chartul.
2293 3672 2397 3720 atii3
2428 3672 2483 3722 qf.
2513 3683 2560 3722 p.
2596 3672 2653 3712 84
2683 3682 2729 3713 n.
2760 3680 2805 3720 g.

568 3744 613 3798 a)
644 3746 826 3787 Bucell.
857 3746 899 3786 A
931 3749 972 3789 1.
1006 3748 1049 3787 D
1082 3749 1124 3799 2,
1155 3748 1255 3797 alii3
1297 3748 1615 3789 Buccillinum
1660 3746 1695 3789 O
1729 3749 1770 3790 1.
1803 3748 1846 3788 D
1882 3749 1922 3800 1,
1965 3749 2058 3790 alii.
2194 3747 2242 3800 b)
2275 3750 2385 3790 deest
2417 3748 2451 3790 C
2486 3752 2525 3789 1.
2555 3750 2598 3789 D
2633 3751 2655 3788 1
2691 3749 2807 3803 (post

566 3802 747 3857 mnu).
779 3805 804 3844 1
836 3808 878 3846 1.
1016 3803 1057 3856 c)
1090 3806 1329 3848 Leutberii
1361 3806 1413 3847 G.
1447 3808 1504 3847 D.
1537 3807 1583 3847 H
1614 3808 1667 3857 13
1708 3807 1952 3847 Lautharii
1983 3808 2020 3846 Ε
2053 3810 2105 3857 13
2152 3807 2365 3848 Loutarii
2394 3807 2435 3848 A
2467 3808 2508 3850 5.
2631 3804 2677 3859 d)
2711 3806 2809 3848 Sin-

568 3863 789 3904 dualdum
832 3863 876 3902 D
909 3864 949 3915 2,
995 3864 1087 3906 alii.
1241 3863 1284 3916 e)
1317 3866 1595 3906 rebellatum
1641 3866 1948 3908 rebellantem
1987 3867 2026 3906 B
2062 3869 2103 3906 1.
2252 3864 2289 3917 f)
2321 3866 2523 3907 Nascitis
2565 3866 2658 3907 Pal.
2706 3865 2804 3905 Ass.

568 3920 615 3973 g)
650 3925 697 3963 et
730 3943 782 3952 —-
826 3922 1042 3962 invitavit
1071 3924 1158 3963 dee.
1194 3923 1243 3964 C.
1272 3924 1330 3964 D.
1362 3924 1406 3963 Η
1438 3927 1482 3964 1.
1514 3926 1539 3965 1
1573 3926 1613 3965 1.
1764 3923 1813 3975 h)
1846 3925 2061 3972 Qualiter
2092 3923 2127 3966 C
2160 3927 2201 3966 1.
2234 3925 2277 3964 D
2310 3926 2366 3974 13
2404 3927 2480 3964 hoc
2510 3927 2807 3973 armamentum

569 3981 680 4021 deest
707 3981 750 4021 D
784 3981 825 4020 2.
944 3977 979 4031 i)
1013 3980 1251 4027 Quomodo
1283 3981 1333 4022 Ο.
1364 3983 1423 4024 D.
1455 3984 1559 4025 Hi.
1589 3984 1613 4022 1
1642 3985 1687 4024 1.
1809 3981 1859 4034 k)
1891 3984 2185 4023 Pannoniam
2214 3983 2252 4022 B
2274 3986 2313 4024 1.
2345 3985 2387 4023 D
2407 3986 2448 4023 1.
2567 3979 2601 4031 l)
2634 3980 2814 4019 bisson-

571 4040 693 4080 tibus
726 4038 777 4080 C.
810 4039 868 4079 D.
902 4040 926 4078 Ι
960 4041 1008 4088 13
1051 4039 1160 4078 decet
1191 4039 1234 4079 A
1264 4040 1306 4081 5.
1444 4039 1507 4091 m)
1540 4042 1591 4082 in
1637 4063 1689 4073 —
1738 4042 1975 4083 constituit
2016 4043 2101 4083 des.
2145 4043 2194 4082 C.
2228 4042 2288 4082 D.
2319 4042 2365 4081 H
2395 4044 2435 4081 1.
2470 4041 2494 4080 1
2526 4042 2574 4087 13
2621 4038 2681 4077 sit
2704 4041 2806 4086 post

569 4099 670 4140 aad.
701 4099 745 4138 D
777 4099 819 4150 1,
851 4102 889 4137 οι
917 4098 981 4137 ita
1009 4098 1110 4141 D2.
1146 4099 1188 4138 3.
1309 4096 1358 4150 n)
1391 4100 1502 4140 deese
1535 4096 1649 4141 C*i.
1772 4099 1817 4152 o)
1852 4102 2000 4150 deque
2032 4101 2083 4140 P.
2114 4100 2170 4143 A.
2201 4112 2245 4150 p.
2276 4100 2361 4139 des.
2396 4099 2444 4140 G.
2478 4099 2539 4138 D.
2571 4096 2673 4135 Hl.
2706 4095 2728 4135 1
2763 4096 2811 4135 1.

571 4155 620 4208 p)
655 4157 884 4207 quomodo
919 4177 969 4188 -
1017 4156 1215 4197 occurrit
1243 4158 1329 4199 cles.
1365 4157 1416 4199 C.
1447 4160 1506 4200 D.
1541 4160 1585 4198 H
1619 4161 1661 4199 1.
1694 4160 1716 4200 1
1753 4161 1803 4210 13
1840 4161 1892 4200 in
1924 4160 1983 4200 ad
2023 4160 2215 4201 Plavem
2252 4168 2347 4197 cum
2389 4154 2650 4197 antecedenti
2678 4163 2806 4203 arqu-

570 4220 709 4254 meneo
730 4216 926 4264 junctum
955 4216 993 4256 Β
1028 4218 1067 4267 1,
1099 4217 1199 4256 ubi:
1231 4217 1304 4257 De
1334 4217 1490 4259 Felice
1524 4221 1619 4269 est;
1648 4218 1735 4258 D5
1769 4229 1866 4269 arq-
1900 4220 1971 4260 11.
2005 4223 2043 4258 οε
2073 4218 2143 4259 12.
2174 4216 2408 4267 conjunxit.
2531 4212 2577 4264 q)
2611 4214 2674 4253 ita
2705 4212 2802 4253 Pal.

573 4273 689 4324 Ass„
719 4277 770 4311 ut
795 4274 981 4325 videtur,
1012 4273 1051 4313 A
1072 4277 1111 4316 1.
1143 4277 1181 4315 Β
1201 4276 1255 4325 13
1284 4277 1576 4326 provinciam
1606 4277 1745 4318 ceteri.
1851 4275 1893 4329 r)
1927 4279 1972 4317 et
1993 4276 2284 4318 —Venetiae
2314 4276 2400 4317 dee.
2436 4272 2486 4316 0.
2519 4272 2699 4312 D.H1.
2718 4272 2741 4311 1
2761 4273 2805 4311 1.

570 4330 612 4383 s)
644 4331 865 4382 Lignaria
893 4332 931 4371 B
965 4335 1013 4384 13
1059 4333 1250 4383 Liguria
1280 4334 1315 4376 C
1349 4336 1388 4376 1.
1422 4335 1465 4375 D
1498 4336 1539 4376 1.
1573 4336 1598 4375 1
1631 4337 1671 4377 1.
1821 4333 1859 4386 t)
1892 4335 2156 4385 provintiae
2204 4333 2239 4374 G
2272 4336 2312 4375 1.
2342 4334 2367 4373 1
2405 4335 2445 4373 1.
2595 4328 2646 4383 u)
2680 4333 2726 4371 et
2756 4331 2799 4371 d.

569 4390 614 4432 d.
647 4391 702 4433 R.
733 4391 818 4432 dee.
852 4390 903 4434 C.
937 4391 996 4433 D.
1029 4393 1072 4432 H
1105 4394 1146 4436 1.
1179 4395 1203 4433 Ι
1235 4395 1276 4435 1.
1399 4391 1446 4445 v)
1480 4395 1618 4435 terris
1649 4393 1691 4434 A
1723 4392 1785 4433 1?
1815 4394 1939 4443 regis
1970 4393 2008 4433 Β
2042 4395 2083 4434 1.

607 1580 671 1811 5090
603 1329 665 1474 τηε»
