<?xml version="1.0" encoding="UTF-8"?>
<!DOCTYPE html PUBLIC "-//W3C//DTD XHTML 1.0 Transitional//EN"
    "http://www.w3.org/TR/xhtml1/DTD/xhtml1-transitional.dtd">
<html xmlns="http://www.w3.org/1999/xhtml" xml:lang="en" lang="en">
 <head>
  <title>
</title>
<meta http-equiv="Content-Type" content="text/html;charset=utf-8" />
  <meta name='ocr-system' content='tesseract 3.04.00' />
  <meta name='ocr-capabilities' content='ocr_page ocr_carea ocr_par ocr_line ocrx_word'/>
</head>
<body>
  <div class='ocr_page' id='page_1' title='image "./paulihistoriala01waitgoog_0127.png"; bbox 0 0 3042 4909; ppageno 0'>
   <div class='ocr_carea' id='block_1_1' title="bbox 530 477 2516 532">
    <p class='ocr_par' dir='ltr' id='par_1_1' title="bbox 530 477 2516 532">
     <span class='ocr_line' id='line_1_1' title="bbox 530 477 2516 532; baseline 0.003 -5"><span class='ocrx_word' id='word_1_1' title='bbox 530 477 754 529; x_wconf 85' lang='lat' dir='ltr'>PAULI</span> <span class='ocrx_word' id='word_1_2' title='bbox 794 477 1142 529; x_wconf 78' lang='lat' dir='ltr'><strong>HISTORIA</strong></span> <span class='ocrx_word' id='word_1_3' title='bbox 1180 477 1854 531; x_wconf 84' lang='lat' dir='ltr'><strong>LANGOBARDORUM.</strong></span> <span class='ocrx_word' id='word_1_4' title='bbox 1931 479 2074 532; x_wconf 81' lang='lat' dir='ltr'><strong>Lm.</strong></span> <span class='ocrx_word' id='word_1_5' title='bbox 2112 480 2217 532; x_wconf 90' lang='lat'><strong>111.</strong></span> <span class='ocrx_word' id='word_1_6' title='bbox 2413 483 2516 532; x_wconf 83' lang='lat'><strong>119</strong></span> 
     </span>
    </p>
   </div>
   <div class='ocr_carea' id='block_1_2' title="bbox 256 642 2702 2806">
    <p class='ocr_par' dir='ltr' id='par_1_2' title="bbox 256 642 2702 2806">
     <span class='ocr_line' id='line_1_2' title="bbox 279 642 2702 733; baseline -0.001 -24"><span class='ocrx_word' id='word_1_7' title='bbox 279 642 522 709; x_wconf 85' lang='lat' dir='ltr'><strong>clarum</strong></span> <span class='ocrx_word' id='word_1_8' title='bbox 592 652 681 725; x_wconf 90' lang='lat' dir='ltr'><strong>et,</strong></span> <span class='ocrx_word' id='word_1_9' title='bbox 749 643 920 731; x_wconf 88' lang='lat' dir='ltr'><strong>quod</strong></span> <span class='ocrx_word' id='word_1_10' title='bbox 985 643 1084 708; x_wconf 92' lang='lat' dir='ltr'><strong>his</strong></span> <span class='ocrx_word' id='word_1_11' title='bbox 1149 644 1442 710; x_wconf 90' lang='lat' dir='ltr'><strong>omnibus</strong></span> <span class='ocrx_word' id='word_1_12' title='bbox 1505 645 1951 733; x_wconf 82' lang='lat' dir='ltr'><strong>supereminet,</strong></span> <span class='ocrx_word' id='word_1_13' title='bbox 2023 652 2046 676; x_wconf 74' lang='grc'>*</span> <span class='ocrx_word' id='word_1_14' title='bbox 2070 647 2614 714; x_wconf 78' lang='lat' dir='ltr'><strong>verissimum··1›-</strong></span> <span class='ocrx_word' id='word_1_15' title='bbox 2632 656 2702 697; x_wconf 79' lang='lat'><strong>⁹8·</strong></span> 
     </span>
     <span class='ocr_line' id='line_1_3' title="bbox 277 726 2516 816; baseline 0.003 -26"><span class='ocrx_word' id='word_1_16' title='bbox 277 726 712 793; x_wconf 88' lang='lat' dir='ltr'><strong>christianum.</strong></span> <span class='ocrx_word' id='word_1_17' title='bbox 829 727 955 792; x_wconf 93' lang='lat' dir='ltr'><strong>Hic</strong></span> <span class='ocrx_word' id='word_1_18' title='bbox 979 739 997 774; x_wconf 90' lang='lat'><em>¹</em></span> <span class='ocrx_word' id='word_1_19' title='bbox 1059 749 1204 792; x_wconf 92' lang='lat' dir='ltr'><strong>cum</strong></span> <span class='ocrx_word' id='word_1_20' title='bbox 1260 727 1462 793; x_wconf 89' lang='lat' dir='ltr'><strong>multa</strong></span> <span class='ocrx_word' id='word_1_21' title='bbox 1516 729 1597 793; x_wconf 90' lang='lat' dir='ltr'><strong>de</strong></span> <span class='ocrx_word' id='word_1_22' title='bbox 1655 728 1965 794; x_wconf 83' lang='lat' dir='ltr'><strong>thesauris</strong></span> <span class='ocrx_word' id='word_1_23' title='bbox 2019 751 2179 816; x_wconf 89' lang='lat' dir='ltr'><strong>quos</strong></span> <span class='ocrx_word' id='word_1_24' title='bbox 2236 730 2516 797; x_wconf 86' lang='lat' dir='ltr'><strong>Iustinus</strong></span> 
     </span>
     <span class='ocr_line' id='line_1_4' title="bbox 278 810 2517 900; baseline 0.003 -26"><span class='ocrx_word' id='word_1_25' title='bbox 278 810 748 897; x_wconf 85' lang='lat' dir='ltr'><strong>adgregaverat</strong></span> <span class='ocrx_word' id='word_1_26' title='bbox 772 812 1161 898; x_wconf 84' lang='lat' dir='ltr'><strong>pauperibus</strong></span> <span class='ocrx_word' id='word_1_27' title='bbox 1189 820 1502 898; x_wconf 79' lang='lat' dir='ltr'><strong>erogaret,</strong></span> <span class='ocrx_word' id='word_1_28' title='bbox 1550 811 1794 878; x_wconf 70' lang='lat' dir='ltr'><strong>Suffiab</strong></span> <span class='ocrx_word' id='word_1_29' title='bbox 1824 825 2098 897; x_wconf 89' lang='lat' dir='ltr'><strong>augusta</strong></span> <span class='ocrx_word' id='word_1_30' title='bbox 2123 813 2517 900; x_wconf 90' lang='lat' dir='ltr'><strong>frequentius</strong></span> 
     </span>
     <span class='ocr_line' id='line_1_5' title="bbox 278 891 2516 985; baseline 0.003 -27"><span class='ocrx_word' id='word_1_31' title='bbox 278 917 427 958; x_wconf 92' lang='lat' dir='ltr'><strong>eum</strong></span> <span class='ocrx_word' id='word_1_32' title='bbox 470 891 860 980; x_wconf 80' lang='lat' dir='ltr'><strong>increpabat,</strong></span> <span class='ocrx_word' id='word_1_33' title='bbox 922 894 1098 982; x_wconf 88' lang='lat' dir='ltr'><strong>quod</strong></span> <span class='ocrx_word' id='word_1_34' title='bbox 1149 918 1284 960; x_wconf 89' lang='lat' dir='ltr'><strong>rem</strong></span> <span class='ocrx_word' id='word_1_35' title='bbox 1339 895 1667 982; x_wconf 83' lang='lat' dir='ltr'><strong>publicam</strong></span> <span class='ocrx_word' id='word_1_36' title='bbox 1709 895 2087 983; x_wconf 79' lang='lat' dir='ltr'><strong>redigisset⁰</strong></span> <span class='ocrx_word' id='word_1_37' title='bbox 2140 898 2209 962; x_wconf 91' lang='lat' dir='ltr'><strong>in</strong></span> <span class='ocrx_word' id='word_1_38' title='bbox 2249 919 2516 985; x_wconf 88' lang='lat' dir='ltr'><strong>pauper·</strong></span> 
     </span>
     <span class='ocr_line' id='line_1_6' title="bbox 277 977 2519 1067; baseline 0.002 -24"><span class='ocrx_word' id='word_1_39' title='bbox 277 987 494 1058; x_wconf 83' lang='lat' dir='ltr'><strong>tatem,</strong></span> <span class='ocrx_word' id='word_1_40' title='bbox 542 977 791 1043; x_wconf 87' lang='lat' dir='ltr'><strong>dicens:</strong></span> <span class='ocrx_word' id='word_1_41' title='bbox 860 978 1073 1060; x_wconf 84' lang='lat' dir='ltr'><strong>‘Quod</strong></span> <span class='ocrx_word' id='word_1_42' title='bbox 1116 1001 1241 1064; x_wconf 90' lang='lat' dir='ltr'><strong>ego</strong></span> <span class='ocrx_word' id='word_1_43' title='bbox 1278 978 1537 1045; x_wconf 70' lang='lat' dir='ltr'><strong>multisd</strong></span> <span class='ocrx_word' id='word_1_44' title='bbox 1581 981 1765 1046; x_wconf 91' lang='lat' dir='ltr'><strong>annis</strong></span> <span class='ocrx_word' id='word_1_45' title='bbox 1793 1002 1994 1067; x_wconf 81' lang='lat' dir='ltr'><strong>congr</strong></span> <span class='ocrx_word' id='word_1_46' title='bbox 2075 981 2197 1064; x_wconf 84' lang='lat' dir='ltr'><strong>avi,</strong></span> <span class='ocrx_word' id='word_1_47' title='bbox 2242 993 2313 1047; x_wconf 91' lang='lat' dir='ltr'><strong>tu</strong></span> <span class='ocrx_word' id='word_1_48' title='bbox 2353 983 2519 1047; x_wconf 88' lang='lat' dir='ltr'><strong>infra</strong></span> 
     </span>
     <span class='ocr_line' id='line_1_7' title="bbox 276 1063 2515 1150; baseline 0.003 -25"><span class='ocrx_word' id='word_1_49' title='bbox 276 1073 600 1146; x_wconf 67' lang='lat' dir='ltr'><strong>paucume</strong></span> <span class='ocrx_word' id='word_1_50' title='bbox 660 1071 788 1128; x_wconf 89' lang='lat' dir='ltr'><strong>tem</strong></span> <span class='ocrx_word' id='word_1_51' title='bbox 841 1085 915 1126; x_wconf 91' lang='lat' dir='ltr'><strong>us</strong></span> <span class='ocrx_word' id='word_1_52' title='bbox 971 1063 1241 1149; x_wconf 82' lang='lat' dir='ltr'><strong>prodige</strong></span> <span class='ocrx_word' id='word_1_53' title='bbox 1300 1064 1518 1150; x_wconf 80' lang='lat' dir='ltr'><strong>disper</strong></span> <span class='ocrx_word' id='word_1_54' title='bbox 1562 1064 1654 1129; x_wconf 88' lang='lat' dir='ltr'><strong>is&#39;.</strong></span> <span class='ocrx_word' id='word_1_55' title='bbox 1764 1065 2024 1150; x_wconf 84' lang='lat' dir='ltr'><strong>Agebat</strong></span> <span class='ocrx_word' id='word_1_56' title='bbox 2109 1075 2324 1131; x_wconf 89' lang='lat' dir='ltr'><strong>autem</strong></span> <span class='ocrx_word' id='word_1_57' title='bbox 2381 1066 2515 1132; x_wconf 86' lang='lat' dir='ltr'><strong>ille:</strong></span> 
     </span>
     <span class='ocr_line' id='line_1_8' title="bbox 278 1144 2515 1234; baseline 0.003 -25"><span class='ocrx_word' id='word_1_58' title='bbox 278 1144 616 1210; x_wconf 76' lang='lat' dir='ltr'><strong>‘Confido²</strong></span> <span class='ocrx_word' id='word_1_59' title='bbox 661 1147 730 1210; x_wconf 93' lang='lat' dir='ltr'><strong>in</strong></span> <span class='ocrx_word' id='word_1_60' title='bbox 851 1147 1082 1229; x_wconf 91' lang='lat' dir='ltr'><strong>omino,</strong></span> <span class='ocrx_word' id='word_1_61' title='bbox 1146 1148 1295 1233; x_wconf 90' lang='lat' dir='ltr'><strong>quia</strong></span> <span class='ocrx_word' id='word_1_62' title='bbox 1349 1169 1478 1212; x_wconf 92' lang='lat' dir='ltr'><strong>non</strong></span> <span class='ocrx_word' id='word_1_63' title='bbox 1565 1149 1721 1215; x_wconf 87' lang='lat' dir='ltr'><strong>eerit</strong></span> <span class='ocrx_word' id='word_1_64' title='bbox 1762 1149 2036 1234; x_wconf 89' lang='lat' dir='ltr'><strong>pecunia</strong></span> <span class='ocrx_word' id='word_1_65' title='bbox 2078 1148 2234 1214; x_wconf 91' lang='lat' dir='ltr'><strong>fisco</strong></span> <span class='ocrx_word' id='word_1_66' title='bbox 2277 1160 2515 1234; x_wconf 87' lang='lat' dir='ltr'><strong>nostro,</strong></span> 
     </span>
     <span class='ocr_line' id='line_1_9' title="bbox 274 1230 2516 1319; baseline 0.002 -25"><span class='ocrx_word' id='word_1_67' title='bbox 274 1238 524 1295; x_wconf 89' lang='lat' dir='ltr'><strong>tantum</strong></span> <span class='ocrx_word' id='word_1_68' title='bbox 567 1239 639 1294; x_wconf 89' lang='lat' dir='ltr'><strong>ut</strong></span> <span class='ocrx_word' id='word_1_69' title='bbox 680 1251 994 1317; x_wconf 87' lang='lat' dir='ltr'><strong>pauperes</strong></span> <span class='ocrx_word' id='word_1_70' title='bbox 1041 1230 1437 1296; x_wconf 85' lang='lat' dir='ltr'><strong>elimosinam</strong></span> <span class='ocrx_word' id='word_1_71' title='bbox 1480 1233 1802 1319; x_wconf 86' lang='lat' dir='ltr'><strong>accipiant</strong></span> <span class='ocrx_word' id='word_1_72' title='bbox 1850 1242 1963 1297; x_wconf 91' lang='lat' dir='ltr'><strong>aut</strong></span> <span class='ocrx_word' id='word_1_73' title='bbox 1978 1244 2006 1287; x_wconf 74' lang='lat'><strong>8</strong></span> <span class='ocrx_word' id='word_1_74' title='bbox 2062 1234 2303 1319; x_wconf 86' lang='lat' dir='ltr'><strong>captivi</strong></span> <span class='ocrx_word' id='word_1_75' title='bbox 2354 1234 2516 1298; x_wconf 89' lang='lat' dir='ltr'><strong>redi-</strong></span> 
     </span>
     <span class='ocr_line' id='line_1_10' title="bbox 277 1313 2515 1401; baseline 0.002 -24"><span class='ocrx_word' id='word_1_76' title='bbox 277 1323 550 1378; x_wconf 89' lang='lat' dir='ltr'><strong>mantur.</strong></span> <span class='ocrx_word' id='word_1_77' title='bbox 617 1313 804 1379; x_wconf 85' lang='lat' dir='ltr'><strong>Hoc¹¹</strong></span> <span class='ocrx_word' id='word_1_78' title='bbox 836 1324 932 1380; x_wconf 88' lang='lat' dir='ltr'><strong>est</strong></span> <span class='ocrx_word' id='word_1_79' title='bbox 961 1315 1131 1380; x_wconf 90' lang='lat' dir='ltr'><strong>enim</strong></span> <span class='ocrx_word' id='word_1_80' title='bbox 1161 1336 1464 1401; x_wconf 89' lang='lat' dir='ltr'><strong>magnum</strong></span> <span class='ocrx_word' id='word_1_81' title='bbox 1493 1316 1880 1399; x_wconf 87' lang='lat' dir='ltr'><strong>thesaurum,</strong></span> <span class='ocrx_word' id='word_1_82' title='bbox 1922 1316 2171 1383; x_wconf 82' lang='lat' dir='ltr'><strong>dicente</strong></span> <span class='ocrx_word' id='word_1_83' title='bbox 2201 1317 2515 1382; x_wconf 89' lang='lat' dir='ltr'><strong>Domino:</strong></span> 
     </span>
     <span class='ocr_line' id='line_1_11' title="bbox 281 1396 2696 1488; baseline 0.003 -29"><span class='ocrx_word' id='word_1_84' title='bbox 281 1396 770 1464; x_wconf 84' lang='lat' dir='ltr'><strong>“Thesaurizate</strong></span> <span class='ocrx_word' id='word_1_85' title='bbox 813 1399 998 1464; x_wconf 83' lang='lat' dir='ltr'><strong>vobis</strong></span> <span class='ocrx_word' id='word_1_86' title='bbox 1041 1398 1400 1464; x_wconf 87' lang='lat' dir='ltr'><strong>thesaurosi</strong></span> <span class='ocrx_word' id='word_1_87' title='bbox 1447 1400 1514 1463; x_wconf 90' lang='lat' dir='ltr'><strong>in</strong></span> <span class='ocrx_word' id='word_1_88' title='bbox 1558 1399 1734 1466; x_wconf 88' lang='lat' dir='ltr'><strong>caelo</strong></span> <span class='ocrx_word' id='word_1_89' title='bbox 1748 1401 1797 1483; x_wconf 70' lang='lat'><strong>¹⁸,</strong></span> <span class='ocrx_word' id='word_1_90' title='bbox 1859 1399 1972 1465; x_wconf 92' lang='lat' dir='ltr'><strong>ubi</strong></span> <span class='ocrx_word' id='word_1_91' title='bbox 2025 1423 2232 1488; x_wconf 88' lang='lat' dir='ltr'><strong>neque</strong></span> <span class='ocrx_word' id='word_1_92' title='bbox 2275 1422 2515 1487; x_wconf 88' lang='lat' dir='ltr'><strong>aerugo</strong></span> <span class='ocrx_word' id='word_1_93' title='bbox 2535 1406 2696 1451; x_wconf 58' lang='lat' dir='ltr'><strong>“mh-</strong></span> 
     </span>
     <span class='ocr_line' id='line_1_12' title="bbox 272 1466 2680 1569; baseline 0.002 -26"><span class='ocrx_word' id='word_1_94' title='bbox 272 1503 355 1547; x_wconf 90' lang='lat' dir='ltr'><strong>ne</strong></span> <span class='ocrx_word' id='word_1_95' title='bbox 403 1503 483 1547; x_wconf 89' lang='lat' dir='ltr'><strong>ue</strong></span> <span class='ocrx_word' id='word_1_96' title='bbox 526 1483 698 1546; x_wconf 89' lang='lat' dir='ltr'><strong>tinea</strong></span> <span class='ocrx_word' id='word_1_97' title='bbox 740 1483 1092 1569; x_wconf 87' lang='lat' dir='ltr'><strong>corrumpit</strong></span> <span class='ocrx_word' id='word_1_98' title='bbox 1109 1484 1145 1564; x_wconf 84' lang='lat'><strong>¹,</strong></span> <span class='ocrx_word' id='word_1_99' title='bbox 1190 1494 1252 1548; x_wconf 92' lang='lat' dir='ltr'><strong>et</strong></span> <span class='ocrx_word' id='word_1_100' title='bbox 1295 1482 1609 1548; x_wconf 88' lang='lat' dir='ltr'><strong>ubifures</strong></span> <span class='ocrx_word' id='word_1_101' title='bbox 1652 1505 1780 1548; x_wconf 91' lang='lat' dir='ltr'><strong>non</strong></span> <span class='ocrx_word' id='word_1_102' title='bbox 1809 1483 2118 1550; x_wconf 86' lang='lat' dir='ltr'><strong>effodiunt</strong></span> <span class='ocrx_word' id='word_1_103' title='bbox 2159 1505 2276 1550; x_wconf 91' lang='lat' dir='ltr'><strong>nec</strong></span> <span class='ocrx_word' id='word_1_104' title='bbox 2306 1485 2515 1549; x_wconf 87' lang='lat' dir='ltr'><strong>furan-</strong></span> <span class='ocrx_word' id='word_1_105' title='bbox 2536 1466 2577 1506; x_wconf 76' lang='lat'><strong>⁶·</strong></span> <span class='ocrx_word' id='word_1_106' title='bbox 2609 1466 2680 1507; x_wconf 72' lang='lat'><strong>²⁰·</strong></span> 
     </span>
     <span class='ocr_line' id='line_1_13' title="bbox 276 1565 2516 1653; baseline 0.003 -26"><span class='ocrx_word' id='word_1_107' title='bbox 276 1573 382 1628; x_wconf 89' lang='lat' dir='ltr'><strong>tur</strong></span> <span class='ocrx_word' id='word_1_108' title='bbox 401 1568 434 1627; x_wconf 88' lang='lat'><strong>&#39;.</strong></span> <span class='ocrx_word' id='word_1_109' title='bbox 516 1565 693 1650; x_wconf 87' lang='lat' dir='ltr'><strong>Ergo</strong></span> <span class='ocrx_word' id='word_1_110' title='bbox 738 1566 818 1630; x_wconf 90' lang='lat' dir='ltr'><strong>de</strong></span> <span class='ocrx_word' id='word_1_111' title='bbox 861 1566 957 1631; x_wconf 89' lang='lat' dir='ltr'><strong>his</strong></span> <span class='ocrx_word' id='word_1_112' title='bbox 989 1578 1207 1653; x_wconf 72' lang='lat' dir='ltr'><strong>quaem</strong></span> <span class='ocrx_word' id='word_1_113' title='bbox 1253 1567 1570 1632; x_wconf 87' lang='lat' dir='ltr'><strong>Dominus</strong></span> <span class='ocrx_word' id='word_1_114' title='bbox 1614 1566 1838 1634; x_wconf 84' lang='lat' dir='ltr'><strong>tribuit</strong></span> <span class='ocrx_word' id='word_1_115' title='bbox 1880 1588 2342 1653; x_wconf 87' lang='lat' dir='ltr'><strong>congregemus</strong></span> <span class='ocrx_word' id='word_1_116' title='bbox 2385 1567 2516 1634; x_wconf 87' lang='lat' dir='ltr'><strong>the-</strong></span> 
     </span>
     <span class='ocr_line' id='line_1_14' title="bbox 275 1648 2518 1739; baseline 0.001 -27"><span class='ocrx_word' id='word_1_117' title='bbox 275 1670 499 1714; x_wconf 86' lang='lat' dir='ltr'><strong>sauros</strong></span> <span class='ocrx_word' id='word_1_118' title='bbox 557 1649 626 1713; x_wconf 91' lang='lat' dir='ltr'><strong>in</strong></span> <span class='ocrx_word' id='word_1_119' title='bbox 684 1648 890 1730; x_wconf 82' lang='lat' dir='ltr'><strong>cae10,</strong></span> <span class='ocrx_word' id='word_1_120' title='bbox 951 1661 1058 1715; x_wconf 83' lang='lat' dir='ltr'><strong>et¹¹</strong></span> <span class='ocrx_word' id='word_1_121' title='bbox 1116 1650 1435 1715; x_wconf 87' lang='lat' dir='ltr'><strong>Dominus</strong></span> <span class='ocrx_word' id='word_1_122' title='bbox 1492 1652 1678 1716; x_wconf 88' lang='lat' dir='ltr'><strong>nobis</strong></span> <span class='ocrx_word' id='word_1_123' title='bbox 1737 1673 1973 1737; x_wconf 88' lang='lat' dir='ltr'><strong>augere</strong></span> <span class='ocrx_word' id='word_1_124' title='bbox 2031 1651 2400 1739; x_wconf 80' lang='lat' dir='ltr'><strong>dignabitur</strong></span> <span class='ocrx_word' id='word_1_125' title='bbox 2450 1652 2518 1716; x_wconf 91' lang='lat' dir='ltr'><strong>in</strong></span> 
     </span>
     <span class='ocr_line' id='line_1_15' title="bbox 274 1731 2517 1822; baseline 0.002 -26"><span class='ocrx_word' id='word_1_126' title='bbox 274 1731 487 1800; x_wconf 89' lang='lat' dir='ltr'><strong>seculo</strong></span> <span class='ocrx_word' id='word_1_127' title='bbox 502 1734 567 1796; x_wconf 84' lang='lat'><strong>0&#39;.</strong></span> <span class='ocrx_word' id='word_1_128' title='bbox 676 1733 886 1819; x_wconf 89' lang='lat' dir='ltr'><strong>Igitur</strong></span> <span class='ocrx_word' id='word_1_129' title='bbox 939 1734 1267 1800; x_wconf 82' lang='lat' dir='ltr'><strong>Iustinus³</strong></span> <span class='ocrx_word' id='word_1_130' title='bbox 1326 1757 1472 1799; x_wconf 91' lang='lat' dir='ltr'><strong>cum</strong></span> <span class='ocrx_word' id='word_1_131' title='bbox 1529 1736 1827 1800; x_wconf 89' lang='lat' dir='ltr'><strong>undecim</strong></span> <span class='ocrx_word' id='word_1_132' title='bbox 1847 1746 1872 1781; x_wconf 88' lang='lat'><strong>⁴</strong></span> <span class='ocrx_word' id='word_1_133' title='bbox 1930 1737 2112 1800; x_wconf 89' lang='lat' dir='ltr'><strong>annis</strong></span> <span class='ocrx_word' id='word_1_134' title='bbox 2168 1745 2517 1822; x_wconf 82' lang='lat' dir='ltr'><strong>regnasset,</strong></span> 
     </span>
     <span class='ocr_line' id='line_1_16' title="bbox 274 1817 2518 1904; baseline 0.001 -24"><span class='ocrx_word' id='word_1_135' title='bbox 274 1817 639 1899; x_wconf 79' lang='lat' dir='ltr'><strong>amentiam,</strong></span> <span class='ocrx_word' id='word_1_136' title='bbox 686 1839 879 1904; x_wconf 89' lang='lat' dir='ltr'><strong>quam</strong></span> <span class='ocrx_word' id='word_1_137' title='bbox 910 1818 1324 1901; x_wconf 73' lang='lat' dir='ltr'><strong>incurreratv,</strong></span> <span class='ocrx_word' id='word_1_138' title='bbox 1370 1819 1630 1884; x_wconf 88' lang='lat' dir='ltr'><strong>tandem</strong></span> <span class='ocrx_word' id='word_1_139' title='bbox 1662 1840 1810 1884; x_wconf 91' lang='lat' dir='ltr'><strong>cum</strong></span> <span class='ocrx_word' id='word_1_140' title='bbox 1849 1820 1983 1885; x_wconf 86' lang='lat' dir='ltr'><strong>vita</strong></span> <span class='ocrx_word' id='word_1_141' title='bbox 2025 1818 2250 1885; x_wconf 86' lang='lat' dir='ltr'><strong>finivit.</strong></span> <span class='ocrx_word' id='word_1_142' title='bbox 2338 1818 2518 1884; x_wconf 89' lang='lat' dir='ltr'><strong>Bella</strong></span> 
     </span>
     <span class='ocr_line' id='line_1_17' title="bbox 276 1900 2518 1989; baseline 0.002 -25"><span class='ocrx_word' id='word_1_143' title='bbox 276 1921 449 1981; x_wconf 88' lang='lat' dir='ltr'><strong>sane,</strong></span> <span class='ocrx_word' id='word_1_144' title='bbox 497 1922 661 1986; x_wconf 90' lang='lat' dir='ltr'><strong>quae</strong></span> <span class='ocrx_word' id='word_1_145' title='bbox 689 1923 806 1986; x_wconf 89' lang='lat' dir='ltr'><strong>per</strong></span> <span class='ocrx_word' id='word_1_146' title='bbox 833 1900 1166 1967; x_wconf 86' lang='lat' dir='ltr'><strong>Narsetem</strong></span> <span class='ocrx_word' id='word_1_147' title='bbox 1194 1903 1537 1989; x_wconf 89' lang='lat' dir='ltr'><strong>patricium</strong></span> <span class='ocrx_word' id='word_1_148' title='bbox 1569 1902 1843 1969; x_wconf 73' lang='lat' dir='ltr'><strong>Gothis‘l</strong></span> <span class='ocrx_word' id='word_1_149' title='bbox 1887 1903 1990 1968; x_wconf 85' lang='lat' dir='ltr'><strong>vel</strong></span> <span class='ocrx_word' id='word_1_150' title='bbox 2018 1905 2284 1969; x_wconf 88' lang='lat' dir='ltr'><strong>Francis</strong></span> <span class='ocrx_word' id='word_1_151' title='bbox 2321 1903 2518 1968; x_wconf 87' lang='lat' dir='ltr'><strong>inlata</strong></span> 
     </span>
     <span class='ocr_line' id='line_1_18' title="bbox 276 1986 2517 2073; baseline 0.001 -25"><span class='ocrx_word' id='word_1_152' title='bbox 276 1986 574 2070; x_wconf 90' lang='lat' dir='ltr'><strong>superius</strong></span> <span class='ocrx_word' id='word_1_153' title='bbox 595 1996 618 2027; x_wconf 68' lang='lat'>¹</span> <span class='ocrx_word' id='word_1_154' title='bbox 677 2006 793 2070; x_wconf 89' lang='lat' dir='ltr'><strong>per</strong></span> <span class='ocrx_word' id='word_1_155' title='bbox 849 1986 1412 2073; x_wconf 78' lang='lat' dir='ltr'><strong>anticipationem⁵</strong></span> <span class='ocrx_word' id='word_1_156' title='bbox 1472 1986 1821 2069; x_wconf 79' lang='lat' dir='ltr'><strong>diximus⁵,</strong></span> <span class='ocrx_word' id='word_1_157' title='bbox 1877 1986 2065 2052; x_wconf 91' lang='lat' dir='ltr'><strong>huius</strong></span> <span class='ocrx_word' id='word_1_158' title='bbox 2122 1987 2517 2072; x_wconf 89' lang='lat' dir='ltr'><strong>temporibus</strong></span> 
     </span>
     <span class='ocr_line' id='line_1_19' title="bbox 274 2069 2519 2156; baseline 0.001 -23"><span class='ocrx_word' id='word_1_159' title='bbox 274 2080 456 2154; x_wconf 89' lang='lat' dir='ltr'><strong>gesta</strong></span> <span class='ocrx_word' id='word_1_160' title='bbox 513 2078 680 2134; x_wconf 91' lang='lat' dir='ltr'><strong>sunt.</strong></span> <span class='ocrx_word' id='word_1_161' title='bbox 789 2069 1089 2156; x_wconf 89' lang='lat' dir='ltr'><strong>Denique</strong></span> <span class='ocrx_word' id='word_1_162' title='bbox 1149 2080 1213 2135; x_wconf 91' lang='lat' dir='ltr'><strong>et</strong></span> <span class='ocrx_word' id='word_1_163' title='bbox 1269 2092 1416 2135; x_wconf 89' lang='lat' dir='ltr'><strong>cum</strong></span> <span class='ocrx_word' id='word_1_164' title='bbox 1470 2071 1682 2135; x_wconf 83' lang='lat' dir='ltr'><strong>Roma</strong></span> <span class='ocrx_word' id='word_1_165' title='bbox 1732 2071 2130 2156; x_wconf 90' lang='lat' dir='ltr'><strong>temporibus</strong></span> <span class='ocrx_word' id='word_1_166' title='bbox 2184 2069 2519 2136; x_wconf 87' lang='lat' dir='ltr'><strong>Benedicti</strong></span> 
     </span>
     <span class='ocr_line' id='line_1_20' title="bbox 277 2153 2518 2240; baseline 0.001 -25"><span class='ocrx_word' id='word_1_167' title='bbox 277 2172 486 2240; x_wconf 89' lang='lat' dir='ltr'><strong>papae</strong></span> <span class='ocrx_word' id='word_1_168' title='bbox 499 2163 543 2233; x_wconf 79' lang='lat'><strong>⁶,</strong></span> <span class='ocrx_word' id='word_1_169' title='bbox 587 2153 986 2218; x_wconf 87' lang='lat' dir='ltr'><strong>vastantibus</strong></span> <span class='ocrx_word' id='word_1_170' title='bbox 1032 2155 1247 2218; x_wconf 88' lang='lat' dir='ltr'><strong>omnia</strong></span> <span class='ocrx_word' id='word_1_171' title='bbox 1336 2176 1405 2218; x_wconf 90' lang='lat' dir='ltr'><strong>er</strong></span> <span class='ocrx_word' id='word_1_172' title='bbox 1434 2155 1802 2219; x_wconf 75' lang='lat' dir='ltr'><strong>circuitum‘</strong></span> <span class='ocrx_word' id='word_1_173' title='bbox 1830 2153 2288 2240; x_wconf 83' lang='lat' dir='ltr'><strong>Langobardis,</strong></span> <span class='ocrx_word' id='word_1_174' title='bbox 2332 2153 2518 2218; x_wconf 87' lang='lat' dir='ltr'><strong>famis</strong></span> 
     </span>
     <span class='ocr_line' id='line_1_21' title="bbox 325 2234 2516 2323; baseline 0.001 -23"><span class='ocrx_word' id='word_1_175' title='bbox 325 2236 546 2301; x_wconf 88' lang='lat' dir='ltr'><strong>enuria</strong></span> <span class='ocrx_word' id='word_1_176' title='bbox 587 2234 923 2320; x_wconf 85' lang='lat' dir='ltr'><strong>laboraret,</strong></span> <span class='ocrx_word' id='word_1_177' title='bbox 976 2236 1178 2302; x_wconf 90' lang='lat' dir='ltr'><strong>multa</strong></span> <span class='ocrx_word' id='word_1_178' title='bbox 1220 2259 1309 2301; x_wconf 77' lang='lat' dir='ltr'><strong>mi</strong></span> <span class='ocrx_word' id='word_1_179' title='bbox 1334 2239 1395 2302; x_wconf 86' lang='lat' dir='ltr'><strong>ia</strong></span> <span class='ocrx_word' id='word_1_180' title='bbox 1435 2239 1736 2302; x_wconf 87' lang='lat' dir='ltr'><strong>frumenti</strong></span> <span class='ocrx_word' id='word_1_181' title='bbox 1778 2238 2048 2303; x_wconf 82' lang='lat' dir='ltr'><strong>navibus</strong></span> <span class='ocrx_word' id='word_1_182' title='bbox 2092 2237 2173 2303; x_wconf 97' lang='lat' dir='ltr'><strong>ab</strong></span> <span class='ocrx_word' id='word_1_183' title='bbox 2217 2237 2516 2323; x_wconf 87' lang='lat' dir='ltr'><strong>Aegypto</strong></span> 
     </span>
     <span class='ocr_line' id='line_1_22' title="bbox 327 2320 2194 2404; baseline 0.001 -21"><span class='ocrx_word' id='word_1_184' title='bbox 327 2320 579 2404; x_wconf 83' lang='lat' dir='ltr'><strong>&#39;rigens,</strong></span> <span class='ocrx_word' id='word_1_185' title='bbox 624 2341 765 2385; x_wconf 90' lang='lat' dir='ltr'><strong>eam</strong></span> <span class='ocrx_word' id='word_1_186' title='bbox 809 2332 1007 2386; x_wconf 82' lang='lat' dir='ltr'><strong>suae¹¹</strong></span> <span class='ocrx_word' id='word_1_187' title='bbox 1053 2320 1264 2386; x_wconf 91' lang='lat' dir='ltr'><strong>studio</strong></span> <span class='ocrx_word' id='word_1_188' title='bbox 1307 2321 1780 2387; x_wconf 86' lang='lat' dir='ltr'><strong>misericordiae</strong></span> <span class='ocrx_word' id='word_1_189' title='bbox 1822 2320 2133 2386; x_wconf 86' lang='lat' dir='ltr'><strong>relevavit</strong></span> <span class='ocrx_word' id='word_1_190' title='bbox 2150 2333 2194 2385; x_wconf 72' lang='lat'><strong>⁷.</strong></span> 
     </span>
     <span class='ocr_line' id='line_1_23' title="bbox 256 2403 2638 2490; baseline -0 -19"><span class='ocrx_word' id='word_1_191' title='bbox 256 2443 305 2471; x_wconf 51' lang='grc' dir='ltr'><strong>υ.</strong></span> <span class='ocrx_word' id='word_1_192' title='bbox 449 2404 545 2468; x_wconf 79' lang='lat'><strong>12.</strong></span> <span class='ocrx_word' id='word_1_193' title='bbox 630 2404 884 2471; x_wconf 89' lang='lat' dir='ltr'><strong>Mortuo</strong></span> <span class='ocrx_word' id='word_1_194' title='bbox 913 2405 1109 2490; x_wconf 90' lang='lat' dir='ltr'><strong>igitur</strong></span> <span class='ocrx_word' id='word_1_195' title='bbox 1136 2404 1400 2482; x_wconf 88' lang='lat' dir='ltr'><strong>Iustin0,</strong></span> <span class='ocrx_word' id='word_1_196' title='bbox 1433 2405 1730 2470; x_wconf 90' lang='lat' dir='ltr'><strong>Tiberius</strong></span> <span class='ocrx_word' id='word_1_197' title='bbox 1762 2403 2237 2485; x_wconf 80' lang='lat' dir='ltr'><strong>Constantinus,</strong></span> <span class='ocrx_word' id='word_1_198' title='bbox 2283 2404 2514 2468; x_wconf 89' lang='lat' dir='ltr'><strong>Roma·</strong></span> <span class='ocrx_word' id='word_1_199' title='bbox 2537 2426 2638 2470; x_wconf 61' lang='grc' dir='ltr'><strong>ὅτε.</strong></span> 
     </span>
     <span class='ocr_line' id='line_1_24' title="bbox 275 2487 2516 2588; baseline 0 -38"><span class='ocrx_word' id='word_1_200' title='bbox 275 2508 505 2551; x_wconf 89' lang='lat' dir='ltr'><strong>norum</strong></span> <span class='ocrx_word' id='word_1_201' title='bbox 535 2501 818 2573; x_wconf 74' lang='lat' dir='ltr'><strong>regumW</strong></span> <span class='ocrx_word' id='word_1_202' title='bbox 850 2489 1435 2588; x_wconf 82' lang='lat' dir='ltr'><strong>quinquagesimus,</strong></span> <span class='ocrx_word' id='word_1_203' title='bbox 1469 2490 1743 2575; x_wconf 88' lang='lat' dir='ltr'><strong>sumpsit</strong></span> <span class='ocrx_word' id='word_1_204' title='bbox 1770 2489 2129 2575; x_wconf 88' lang='lat' dir='ltr'><strong>imperium.</strong></span> <span class='ocrx_word' id='word_1_205' title='bbox 2191 2487 2319 2552; x_wconf 89' lang='lat' dir='ltr'><strong>Hic</strong></span> <span class='ocrx_word' id='word_1_206' title='bbox 2350 2508 2516 2569; x_wconf 93' lang='lat' dir='ltr'><strong>cum,</strong></span> 
     </span>
     <span class='ocr_line' id='line_1_25' title="bbox 277 2569 2518 2658; baseline -0 -23"><span class='ocrx_word' id='word_1_207' title='bbox 277 2581 351 2636; x_wconf 91' lang='lat' dir='ltr'><strong>ut</strong></span> <span class='ocrx_word' id='word_1_208' title='bbox 408 2572 702 2657; x_wconf 89' lang='lat' dir='ltr'><strong>superius</strong></span> <span class='ocrx_word' id='word_1_209' title='bbox 761 2571 1073 2655; x_wconf 76' lang='lat' dir='ltr'><strong>dixlmuS,</strong></span> <span class='ocrx_word' id='word_1_210' title='bbox 1138 2572 1257 2638; x_wconf 89' lang='lat' dir='ltr'><strong>sub</strong></span> <span class='ocrx_word' id='word_1_211' title='bbox 1316 2574 1566 2637; x_wconf 91' lang='lat' dir='ltr'><strong>Iustino</strong></span> <span class='ocrx_word' id='word_1_212' title='bbox 1625 2573 1834 2638; x_wconf 86' lang='lat' dir='ltr'><strong>adhuc</strong></span> <span class='ocrx_word' id='word_1_213' title='bbox 1894 2584 2154 2637; x_wconf 83' lang='lat' dir='ltr'><strong>caesar¹</strong></span> <span class='ocrx_word' id='word_1_214' title='bbox 2211 2569 2518 2658; x_wconf 86' lang='lat' dir='ltr'><strong>palatium</strong></span> 
     </span>
     <span class='ocr_line' id='line_1_26' title="bbox 277 2655 2520 2742; baseline -0 -23"><span class='ocrx_word' id='word_1_215' title='bbox 277 2666 531 2741; x_wconf 89' lang='lat' dir='ltr'><strong>regeret</strong></span> <span class='ocrx_word' id='word_1_216' title='bbox 594 2668 657 2721; x_wconf 92' lang='lat' dir='ltr'><strong>et</strong></span> <span class='ocrx_word' id='word_1_217' title='bbox 719 2656 951 2723; x_wconf 87' lang='lat' dir='ltr'><strong>multas</strong></span> <span class='ocrx_word' id='word_1_218' title='bbox 1017 2656 1273 2722; x_wconf 91' lang='lat' dir='ltr'><strong>cottidie</strong></span> <span class='ocrx_word' id='word_1_219' title='bbox 1340 2655 1701 2721; x_wconf 88' lang='lat' dir='ltr'><strong>elimosinas</strong></span> <span class='ocrx_word' id='word_1_220' title='bbox 1763 2656 2027 2740; x_wconf 88' lang='lat' dir='ltr'><strong>faceret,</strong></span> <span class='ocrx_word' id='word_1_221' title='bbox 2099 2676 2395 2742; x_wconf 87' lang='lat' dir='ltr'><strong>magnam</strong></span> <span class='ocrx_word' id='word_1_222' title='bbox 2461 2655 2520 2720; x_wconf 93' lang='lat' dir='ltr'><strong>ei</strong></span> 
     </span>
     <span class='ocr_line' id='line_1_27' title="bbox 278 2737 2521 2806; baseline 0 -3"><span class='ocrx_word' id='word_1_223' title='bbox 278 2738 600 2805; x_wconf 88' lang='lat' dir='ltr'><strong>Dominus</strong></span> <span class='ocrx_word' id='word_1_224' title='bbox 664 2742 805 2805; x_wconf 86' lang='lat' dir='ltr'><strong>auri</strong></span> <span class='ocrx_word' id='word_1_225' title='bbox 869 2762 945 2805; x_wconf 90' lang='lat' dir='ltr'><strong>co</strong></span> <span class='ocrx_word' id='word_1_226' title='bbox 993 2740 1119 2804; x_wconf 87' lang='lat' dir='ltr'><strong>iarn</strong></span> <span class='ocrx_word' id='word_1_227' title='bbox 1186 2741 1690 2806; x_wconf 84' lang='lat' dir='ltr'><strong>subministravit</strong></span> <span class='ocrx_word' id='word_1_228' title='bbox 1709 2754 1750 2804; x_wconf 75' lang='lat'><strong>⁷.</strong></span> <span class='ocrx_word' id='word_1_229' title='bbox 1859 2741 2024 2805; x_wconf 88' lang='lat' dir='ltr'><strong>Nam</strong></span> <span class='ocrx_word' id='word_1_230' title='bbox 2105 2737 2521 2805; x_wconf 87' lang='lat' dir='ltr'><strong>deambulans</strong></span> 
     </span>
    </p>
   </div>
   <div class='ocr_carea' id='block_1_3' title="bbox 276 2822 2522 2911">
    <p class='ocr_par' dir='ltr' id='par_1_3' title="bbox 276 2822 2522 2911">
     <span class='ocr_line' id='line_1_28' title="bbox 276 2822 2522 2911; baseline -0.002 -21"><span class='ocrx_word' id='word_1_231' title='bbox 276 2836 443 2911; x_wconf 70' lang='lat' dir='ltr'><strong>perY</strong></span> <span class='ocrx_word' id='word_1_232' title='bbox 498 2823 806 2911; x_wconf 90' lang='lat' dir='ltr'><strong>palatium</strong></span> <span class='ocrx_word' id='word_1_233' title='bbox 865 2825 931 2889; x_wconf 86' lang='lat' dir='ltr'><strong>vi</strong></span> <span class='ocrx_word' id='word_1_234' title='bbox 979 2825 1030 2890; x_wconf 92' lang='lat' dir='ltr'><strong>it</strong></span> <span class='ocrx_word' id='word_1_235' title='bbox 1083 2825 1150 2888; x_wconf 93' lang='lat' dir='ltr'><strong>in</strong></span> <span class='ocrx_word' id='word_1_236' title='bbox 1200 2826 1569 2910; x_wconf 86' lang='lat' dir='ltr'><strong>pavimento</strong></span> <span class='ocrx_word' id='word_1_237' title='bbox 1613 2824 1839 2889; x_wconf 90' lang='lat' dir='ltr'><strong>domus</strong></span> <span class='ocrx_word' id='word_1_238' title='bbox 1881 2822 2208 2890; x_wconf 72' lang='lat' dir='ltr'><strong>tabulamz</strong></span> <span class='ocrx_word' id='word_1_239' title='bbox 2252 2843 2522 2887; x_wconf 90' lang='lat' dir='ltr'><strong>marmo-</strong></span> 
     </span>
    </p>
   </div>
   <div class='ocr_carea' id='block_1_4' title="bbox 276 3021 2525 3310">
    <p class='ocr_par' dir='ltr' id='par_1_4' title="bbox 276 3021 2525 3310">
     <span class='ocr_line' id='line_1_29' title="bbox 276 3021 2522 3075; baseline -0 -11"><span class='ocrx_word' id='word_1_240' title='bbox 276 3024 324 3075; x_wconf 88' lang='lat' dir='ltr'><strong>a)</strong></span> <span class='ocrx_word' id='word_1_241' title='bbox 358 3025 614 3075; x_wconf 76' lang='lat' dir='ltr'><strong>piissimum</strong></span> <span class='ocrx_word' id='word_1_242' title='bbox 648 3023 689 3065; x_wconf 92' lang='lat' dir='ltr'>G</span> <span class='ocrx_word' id='word_1_243' title='bbox 722 3025 764 3066; x_wconf 89' lang='lat'><strong>8.</strong></span> <span class='ocrx_word' id='word_1_244' title='bbox 799 3026 842 3064; x_wconf 74' lang='lat'><strong>4.</strong></span> <span class='ocrx_word' id='word_1_245' title='bbox 965 3021 1012 3074; x_wconf 91' lang='lat' dir='ltr'><strong>b)</strong></span> <span class='ocrx_word' id='word_1_246' title='bbox 1046 3024 1108 3063; x_wconf 71' lang='lat' dir='ltr'><strong>ita</strong></span> <span class='ocrx_word' id='word_1_247' title='bbox 1155 3023 1194 3063; x_wconf 86' lang='lat' dir='ltr'>A</span> <span class='ocrx_word' id='word_1_248' title='bbox 1231 3026 1272 3063; x_wconf 85' lang='lat'><strong>1.</strong></span> <span class='ocrx_word' id='word_1_249' title='bbox 1304 3023 1366 3065; x_wconf 91' lang='grc'><strong>’2.</strong></span> <span class='ocrx_word' id='word_1_250' title='bbox 1399 3025 1440 3066; x_wconf 91' lang='grc'><strong>8.</strong></span> <span class='ocrx_word' id='word_1_251' title='bbox 1474 3026 1510 3064; x_wconf 87' lang='grc' dir='ltr'>Β</span> <span class='ocrx_word' id='word_1_252' title='bbox 1551 3027 1590 3065; x_wconf 92' lang='grc'><strong>1.</strong></span> <span class='ocrx_word' id='word_1_253' title='bbox 1624 3025 1659 3064; x_wconf 77' lang='grc' dir='ltr'><strong>Ρ</strong></span> <span class='ocrx_word' id='word_1_254' title='bbox 1694 3026 1732 3066; x_wconf 90' lang='grc'><strong>1.</strong></span> <span class='ocrx_word' id='word_1_255' title='bbox 1767 3023 1808 3065; x_wconf 98' lang='lat' dir='ltr'>G</span> <span class='ocrx_word' id='word_1_256' title='bbox 1843 3026 1880 3063; x_wconf 86' lang='lat'><strong>1.</strong></span> <span class='ocrx_word' id='word_1_257' title='bbox 1917 3023 1958 3063; x_wconf 91' lang='lat'><strong>8.</strong></span> <span class='ocrx_word' id='word_1_258' title='bbox 1992 3025 2045 3073; x_wconf 78' lang='lat'><strong>43</strong></span> <span class='ocrx_word' id='word_1_259' title='bbox 2080 3021 2224 3064; x_wconf 77' lang='lat' dir='ltr'><strong>Soffla</strong></span> <span class='ocrx_word' id='word_1_260' title='bbox 2255 3022 2296 3062; x_wconf 84' lang='lat' dir='ltr'>A</span> <span class='ocrx_word' id='word_1_261' title='bbox 2332 3024 2374 3063; x_wconf 89' lang='grc'><strong>2.</strong></span> <span class='ocrx_word' id='word_1_262' title='bbox 2406 3022 2445 3061; x_wconf 86' lang='grc' dir='ltr'><strong>Β</strong></span> <span class='ocrx_word' id='word_1_263' title='bbox 2482 3022 2522 3063; x_wconf 81' lang='grc'><strong>2.</strong></span> 
     </span>
     <span class='ocr_line' id='line_1_30' title="bbox 279 3079 2519 3134; baseline -0.001 -10"><span class='ocrx_word' id='word_1_264' title='bbox 279 3083 316 3125; x_wconf 84' lang='lat' dir='ltr'>C</span> <span class='ocrx_word' id='word_1_265' title='bbox 349 3085 399 3132; x_wconf 78' lang='lat'><strong>13</strong></span> <span class='ocrx_word' id='word_1_266' title='bbox 431 3082 557 3124; x_wconf 84' lang='lat' dir='ltr'><strong>Sofla</strong></span> <span class='ocrx_word' id='word_1_267' title='bbox 586 3083 626 3123; x_wconf 82' lang='lat' dir='ltr'>A</span> <span class='ocrx_word' id='word_1_268' title='bbox 656 3085 702 3123; x_wconf 86' lang='lat'><strong>4.</strong></span> <span class='ocrx_word' id='word_1_269' title='bbox 735 3084 769 3124; x_wconf 86' lang='lat' dir='ltr'>C</span> <span class='ocrx_word' id='word_1_270' title='bbox 803 3080 865 3123; x_wconf 85' lang='grc'><strong>’1.</strong></span> <span class='ocrx_word' id='word_1_271' title='bbox 900 3080 941 3123; x_wconf 95' lang='lat' dir='ltr'>G</span> <span class='ocrx_word' id='word_1_272' title='bbox 973 3083 1013 3133; x_wconf 85' lang='grc'><strong>2,</strong></span> <span class='ocrx_word' id='word_1_273' title='bbox 1045 3093 1067 3122; x_wconf 74' lang='grc' dir='ltr'><strong><em>ο</em></strong></span> <span class='ocrx_word' id='word_1_274' title='bbox 1097 3093 1213 3123; x_wconf 77' lang='lat' dir='ltr'><strong>corr.</strong></span> <span class='ocrx_word' id='word_1_275' title='bbox 1246 3082 1353 3125; x_wconf 88' lang='lat' dir='ltr'><strong>Dl.</strong></span> <span class='ocrx_word' id='word_1_276' title='bbox 1475 3081 1516 3134; x_wconf 90' lang='lat' dir='ltr'><strong>c)</strong></span> <span class='ocrx_word' id='word_1_277' title='bbox 1551 3084 1615 3123; x_wconf 72' lang='lat' dir='ltr'><strong>ita</strong></span> <span class='ocrx_word' id='word_1_278' title='bbox 1645 3082 1745 3123; x_wconf 87' lang='lat' dir='ltr'><strong>Al.</strong></span> <span class='ocrx_word' id='word_1_279' title='bbox 1782 3084 1823 3123; x_wconf 88' lang='grc'><strong>2.</strong></span> <span class='ocrx_word' id='word_1_280' title='bbox 1856 3083 1954 3123; x_wconf 88' lang='grc' dir='ltr'><strong>Β1.</strong></span> <span class='ocrx_word' id='word_1_281' title='bbox 1987 3083 2093 3125; x_wconf 86' lang='lat' dir='ltr'><strong>Dl.</strong></span> <span class='ocrx_word' id='word_1_282' title='bbox 2124 3082 2160 3121; x_wconf 72' lang='lat' dir='ltr'><strong>F</strong></span> <span class='ocrx_word' id='word_1_283' title='bbox 2196 3084 2235 3122; x_wconf 91' lang='lat'><strong>1.</strong></span> <span class='ocrx_word' id='word_1_284' title='bbox 2269 3079 2368 3123; x_wconf 86' lang='lat' dir='ltr'><strong>Gl.</strong></span> <span class='ocrx_word' id='word_1_285' title='bbox 2403 3081 2444 3121; x_wconf 83' lang='lat'><strong>8.</strong></span> <span class='ocrx_word' id='word_1_286' title='bbox 2477 3081 2519 3121; x_wconf 98' lang='lat'><strong>4.</strong></span> 
     </span>
     <span class='ocr_line' id='line_1_31' title="bbox 280 3138 2524 3194; baseline -0.003 -11"><span class='ocrx_word' id='word_1_287' title='bbox 280 3141 327 3194; x_wconf 84' lang='lat' dir='ltr'><strong>d)</strong></span> <span class='ocrx_word' id='word_1_288' title='bbox 360 3143 411 3182; x_wconf 75' lang='lat' dir='ltr'><strong>in</strong></span> <span class='ocrx_word' id='word_1_289' title='bbox 443 3153 502 3183; x_wconf 84' lang='lat' dir='ltr'><strong>m.</strong></span> <span class='ocrx_word' id='word_1_290' title='bbox 538 3143 576 3182; x_wconf 83' lang='lat' dir='ltr'>A</span> <span class='ocrx_word' id='word_1_291' title='bbox 609 3140 668 3182; x_wconf 93' lang='grc'><strong>’8.</strong></span> <span class='ocrx_word' id='word_1_292' title='bbox 820 3139 865 3192; x_wconf 89' lang='lat' dir='ltr'><strong>e)</strong></span> <span class='ocrx_word' id='word_1_293' title='bbox 898 3142 1230 3191; x_wconf 78' lang='lat' dir='ltr'><strong>paucissimum</strong></span> <span class='ocrx_word' id='word_1_294' title='bbox 1259 3142 1302 3181; x_wconf 88' lang='lat' dir='ltr'><strong>D</strong></span> <span class='ocrx_word' id='word_1_295' title='bbox 1338 3144 1377 3182; x_wconf 86' lang='lat'><strong>1.</strong></span> <span class='ocrx_word' id='word_1_296' title='bbox 1412 3141 1452 3182; x_wconf 91' lang='lat' dir='ltr'>G</span> <span class='ocrx_word' id='word_1_297' title='bbox 1485 3142 1614 3183; x_wconf 83' lang='lat'><strong>1-4.</strong></span> <span class='ocrx_word' id='word_1_298' title='bbox 1766 3140 1802 3192; x_wconf 75' lang='lat' dir='ltr'><strong>f)</strong></span> <span class='ocrx_word' id='word_1_299' title='bbox 1834 3142 1897 3181; x_wconf 71' lang='lat' dir='ltr'><strong>ita</strong></span> <span class='ocrx_word' id='word_1_300' title='bbox 1944 3140 1986 3181; x_wconf 89' lang='lat' dir='ltr'>A</span> <span class='ocrx_word' id='word_1_301' title='bbox 2019 3144 2057 3183; x_wconf 89' lang='grc'><strong>1.</strong></span> <span class='ocrx_word' id='word_1_302' title='bbox 2090 3138 2151 3183; x_wconf 77' lang='grc'><strong>’2.</strong></span> <span class='ocrx_word' id='word_1_303' title='bbox 2185 3142 2225 3182; x_wconf 86' lang='grc'><strong>2.</strong></span> <span class='ocrx_word' id='word_1_304' title='bbox 2259 3140 2302 3182; x_wconf 88' lang='lat'><strong>4.</strong></span> <span class='ocrx_word' id='word_1_305' title='bbox 2333 3142 2371 3182; x_wconf 89' lang='lat' dir='ltr'>B</span> <span class='ocrx_word' id='word_1_306' title='bbox 2406 3142 2448 3179; x_wconf 88' lang='lat'><strong>1.</strong></span> <span class='ocrx_word' id='word_1_307' title='bbox 2482 3139 2524 3179; x_wconf 87' lang='grc'><strong>2.</strong></span> 
     </span>
     <span class='ocr_line' id='line_1_32' title="bbox 281 3196 2525 3250; baseline -0.002 -7"><span class='ocrx_word' id='word_1_308' title='bbox 281 3203 317 3243; x_wconf 86' lang='lat'><em>0</em></span> <span class='ocrx_word' id='word_1_309' title='bbox 350 3198 415 3242; x_wconf 89' lang='grc'><strong>’1.</strong></span> <span class='ocrx_word' id='word_1_310' title='bbox 452 3204 490 3241; x_wconf 97' lang='grc'><strong>1.</strong></span> <span class='ocrx_word' id='word_1_311' title='bbox 525 3201 567 3240; x_wconf 93' lang='lat' dir='ltr'><strong>D</strong></span> <span class='ocrx_word' id='word_1_312' title='bbox 604 3203 644 3242; x_wconf 87' lang='lat'><strong>1.</strong></span> <span class='ocrx_word' id='word_1_313' title='bbox 676 3201 712 3240; x_wconf 68' lang='lat'><strong>1⁴*</strong></span> <span class='ocrx_word' id='word_1_314' title='bbox 747 3202 788 3240; x_wconf 92' lang='lat'><strong>1.</strong></span> <span class='ocrx_word' id='word_1_315' title='bbox 822 3199 862 3241; x_wconf 89' lang='lat' dir='ltr'>G</span> <span class='ocrx_word' id='word_1_316' title='bbox 900 3202 938 3242; x_wconf 92' lang='grc'><strong>1.</strong></span> <span class='ocrx_word' id='word_1_317' title='bbox 976 3201 1015 3250; x_wconf 79' lang='grc'><strong>2,</strong></span> <span class='ocrx_word' id='word_1_318' title='bbox 1066 3211 1160 3240; x_wconf 74' lang='lat' dir='ltr'><strong>cum</strong></span> <span class='ocrx_word' id='word_1_319' title='bbox 1192 3200 1344 3250; x_wconf 59' lang='lat' dir='ltr'><strong>arem</strong></span> <span class='ocrx_word' id='word_1_320' title='bbox 1391 3200 1560 3241; x_wconf 80' lang='lat' dir='ltr'><strong>Aiebat</strong></span> <span class='ocrx_word' id='word_1_321' title='bbox 1589 3201 1680 3240; x_wconf 70' lang='lat' dir='ltr'><strong>alii.</strong></span> <span class='ocrx_word' id='word_1_322' title='bbox 1720 3221 1770 3232; x_wconf 94' lang='lat'>—</span> <span class='ocrx_word' id='word_1_323' title='bbox 1802 3203 1955 3241; x_wconf 76' lang='lat' dir='ltr'><strong>autem</strong></span> <span class='ocrx_word' id='word_1_324' title='bbox 1985 3200 2095 3239; x_wconf 65' lang='lat' dir='ltr'><strong>deese</strong></span> <span class='ocrx_word' id='word_1_325' title='bbox 2130 3199 2170 3240; x_wconf 91' lang='lat' dir='ltr'>G</span> <span class='ocrx_word' id='word_1_326' title='bbox 2202 3199 2245 3243; x_wconf 85' lang='lat'><strong>8.</strong></span> <span class='ocrx_word' id='word_1_327' title='bbox 2394 3196 2442 3249; x_wconf 65' lang='grc' dir='ltr'><strong>Β)</strong></span> <span class='ocrx_word' id='word_1_328' title='bbox 2473 3201 2525 3239; x_wconf 77' lang='lat' dir='ltr'><strong>ut</strong></span> 
     </span>
     <span class='ocr_line' id='line_1_33' title="bbox 278 3254 2524 3310; baseline -0.002 -9"><span class='ocrx_word' id='word_1_329' title='bbox 278 3259 323 3301; x_wconf 79' lang='lat' dir='ltr'>A</span> <span class='ocrx_word' id='word_1_330' title='bbox 358 3262 397 3302; x_wconf 90' lang='lat'><strong>1.</strong></span> <span class='ocrx_word' id='word_1_331' title='bbox 433 3259 468 3300; x_wconf 86' lang='lat' dir='ltr'><strong>o</strong></span> <span class='ocrx_word' id='word_1_332' title='bbox 498 3259 574 3301; x_wconf 71' lang='lat' dir='ltr'><strong>4b.</strong></span> <span class='ocrx_word' id='word_1_333' title='bbox 606 3260 647 3299; x_wconf 89' lang='lat' dir='ltr'><strong>D</strong></span> <span class='ocrx_word' id='word_1_334' title='bbox 683 3261 721 3299; x_wconf 86' lang='lat'><strong>1.</strong></span> <span class='ocrx_word' id='word_1_335' title='bbox 758 3262 828 3302; x_wconf 70' lang='grc' dir='ltr'><strong>ιι.</strong></span> <span class='ocrx_word' id='word_1_336' title='bbox 860 3259 902 3300; x_wconf 79' lang='lat'><strong>8.</strong></span> <span class='ocrx_word' id='word_1_337' title='bbox 936 3259 972 3298; x_wconf 74' lang='lat' dir='ltr'><strong>F</strong></span> <span class='ocrx_word' id='word_1_338' title='bbox 1005 3259 1046 3301; x_wconf 69' lang='lat'><strong>⁶.</strong></span> <span class='ocrx_word' id='word_1_339' title='bbox 1079 3258 1121 3299; x_wconf 82' lang='lat' dir='ltr'>G</span> <span class='ocrx_word' id='word_1_340' title='bbox 1152 3259 1201 3308; x_wconf 74' lang='lat'><strong>23</strong></span> <span class='ocrx_word' id='word_1_341' title='bbox 1234 3263 1280 3300; x_wconf 76' lang='lat' dir='ltr'><strong>et</strong></span> <span class='ocrx_word' id='word_1_342' title='bbox 1311 3259 1346 3301; x_wconf 85' lang='lat' dir='ltr'><strong>c</strong></span> <span class='ocrx_word' id='word_1_343' title='bbox 1380 3260 1556 3301; x_wconf 70' lang='lat' dir='ltr'><strong>ans.</strong></span> <span class='ocrx_word' id='word_1_344' title='bbox 1592 3256 1653 3300; x_wconf 81' lang='lat'><strong>·3.</strong></span> <span class='ocrx_word' id='word_1_345' title='bbox 1690 3259 1816 3300; x_wconf 87' lang='lat'><strong>10.1</strong></span> <span class='ocrx_word' id='word_1_346' title='bbox 1851 3261 1889 3310; x_wconf 90' lang='lat'><strong>1,</strong></span> <span class='ocrx_word' id='word_1_347' title='bbox 1933 3269 2097 3300; x_wconf 69' lang='lat' dir='ltr'><strong>eom.</strong></span> <span class='ocrx_word' id='word_1_348' title='bbox 2134 3257 2231 3299; x_wconf 63' lang='lat' dir='ltr'><strong>oc.</strong></span> <span class='ocrx_word' id='word_1_349' title='bbox 2354 3254 2403 3309; x_wconf 81' lang='lat' dir='ltr'><strong>h)</strong></span> <span class='ocrx_word' id='word_1_350' title='bbox 2435 3256 2524 3297; x_wconf 79' lang='lat' dir='ltr'><strong>mo</strong></span> 
     </span>
    </p>
   </div>
   <div class='ocr_carea' id='block_1_5' title="bbox 278 3315 2542 4019">
    <p class='ocr_par' dir='ltr' id='par_1_5' title="bbox 278 3315 2542 4019">
     <span class='ocr_line' id='line_1_34' title="bbox 281 3315 2522 3368; baseline -0.002 -9"><span class='ocrx_word' id='word_1_351' title='bbox 281 3340 336 3351; x_wconf 95' lang='lat'>—</span> <span class='ocrx_word' id='word_1_352' title='bbox 370 3328 564 3368; x_wconf 69' lang='lat' dir='ltr'><strong>magnus</strong></span> <span class='ocrx_word' id='word_1_353' title='bbox 596 3320 837 3359; x_wconf 79' lang='lat' dir='ltr'><strong>thesaurus</strong></span> <span class='ocrx_word' id='word_1_354' title='bbox 870 3317 911 3359; x_wconf 94' lang='lat' dir='ltr'>G</span> <span class='ocrx_word' id='word_1_355' title='bbox 942 3318 983 3357; x_wconf 78' lang='lat'><strong>4.</strong></span> <span class='ocrx_word' id='word_1_356' title='bbox 1016 3320 1085 3360; x_wconf 72' lang='lat' dir='ltr'><strong>bc.</strong></span> <span class='ocrx_word' id='word_1_357' title='bbox 1119 3317 1141 3357; x_wconf 92' lang='lat'>1</span> <span class='ocrx_word' id='word_1_358' title='bbox 1175 3320 1221 3367; x_wconf 75' lang='lat'><strong>23</strong></span> <span class='ocrx_word' id='word_1_359' title='bbox 1270 3328 1465 3367; x_wconf 73' lang='lat' dir='ltr'><strong>magnus</strong></span> <span class='ocrx_word' id='word_1_360' title='bbox 1496 3319 1738 3358; x_wconf 79' lang='lat' dir='ltr'><strong>thesaurus</strong></span> <span class='ocrx_word' id='word_1_361' title='bbox 1769 3318 1809 3358; x_wconf 87' lang='lat' dir='ltr'>A</span> <span class='ocrx_word' id='word_1_362' title='bbox 1840 3317 1883 3357; x_wconf 86' lang='lat'><strong>8.</strong></span> <span class='ocrx_word' id='word_1_363' title='bbox 1916 3317 1959 3356; x_wconf 88' lang='lat' dir='ltr'><strong>D</strong></span> <span class='ocrx_word' id='word_1_364' title='bbox 1992 3317 2034 3358; x_wconf 84' lang='lat'><strong>8.</strong></span> <span class='ocrx_word' id='word_1_365' title='bbox 2072 3319 2139 3357; x_wconf 87' lang='grc'><strong>10.</strong></span> <span class='ocrx_word' id='word_1_366' title='bbox 2173 3315 2214 3358; x_wconf 87' lang='lat' dir='ltr'>G</span> <span class='ocrx_word' id='word_1_367' title='bbox 2247 3316 2383 3360; x_wconf 55' lang='grc' dir='ltr'><strong>δελ).</strong></span> <span class='ocrx_word' id='word_1_368' title='bbox 2415 3315 2438 3354; x_wconf 95' lang='lat'>1</span> <span class='ocrx_word' id='word_1_369' title='bbox 2472 3316 2522 3364; x_wconf 78' lang='lat'><strong>13</strong></span> 
     </span>
     <span class='ocr_line' id='line_1_35' title="bbox 281 3373 2522 3427; baseline -0.002 -9"><span class='ocrx_word' id='word_1_370' title='bbox 281 3388 478 3427; x_wconf 76' lang='lat' dir='ltr'><strong>magnus</strong></span> <span class='ocrx_word' id='word_1_371' title='bbox 538 3378 804 3418; x_wconf 77' lang='lat' dir='ltr'><strong>thesaurum</strong></span> <span class='ocrx_word' id='word_1_372' title='bbox 852 3376 886 3418; x_wconf 86' lang='lat' dir='ltr'>C</span> <span class='ocrx_word' id='word_1_373' title='bbox 921 3379 960 3417; x_wconf 88' lang='lat'><strong>1.</strong></span> <span class='ocrx_word' id='word_1_374' title='bbox 1014 3399 1064 3409; x_wconf 93' lang='lat'>—</span> <span class='ocrx_word' id='word_1_375' title='bbox 1130 3377 1254 3418; x_wconf 80' lang='lat' dir='ltr'><strong>enim</strong></span> <span class='ocrx_word' id='word_1_376' title='bbox 1299 3378 1409 3417; x_wconf 70' lang='lat' dir='ltr'><strong>deest</strong></span> <span class='ocrx_word' id='word_1_377' title='bbox 1454 3377 1507 3417; x_wconf 76' lang='lat' dir='ltr'><strong>F.</strong></span> <span class='ocrx_word' id='word_1_378' title='bbox 1557 3376 1612 3416; x_wconf 87' lang='lat' dir='ltr'><strong>G.</strong></span> <span class='ocrx_word' id='word_1_379' title='bbox 1658 3375 1680 3415; x_wconf 92' lang='lat'>1</span> <span class='ocrx_word' id='word_1_380' title='bbox 1717 3378 1754 3416; x_wconf 82' lang='lat'><strong>1.</strong></span> <span class='ocrx_word' id='word_1_381' title='bbox 1919 3373 1953 3427; x_wconf 80' lang='lat' dir='ltr'><strong>i)</strong></span> <span class='ocrx_word' id='word_1_382' title='bbox 1987 3376 2200 3416; x_wconf 77' lang='lat' dir='ltr'><strong>thesauro</strong></span> <span class='ocrx_word' id='word_1_383' title='bbox 2248 3376 2290 3416; x_wconf 88' lang='lat' dir='ltr'>A</span> <span class='ocrx_word' id='word_1_384' title='bbox 2327 3378 2364 3415; x_wconf 82' lang='lat'><strong>1.</strong></span> <span class='ocrx_word' id='word_1_385' title='bbox 2411 3374 2448 3413; x_wconf 76' lang='lat' dir='ltr'><strong>F</strong></span> <span class='ocrx_word' id='word_1_386' title='bbox 2483 3376 2522 3413; x_wconf 87' lang='lat'><strong>1.</strong></span> 
     </span>
     <span class='ocr_line' id='line_1_36' title="bbox 281 3432 2523 3493; baseline -0.002 -16"><span class='ocrx_word' id='word_1_387' title='bbox 281 3435 333 3488; x_wconf 76' lang='lat' dir='ltr'><strong>k)</strong></span> <span class='ocrx_word' id='word_1_388' title='bbox 367 3436 560 3493; x_wconf 63' lang='lat' dir='ltr'><strong>co(q)los</strong></span> <span class='ocrx_word' id='word_1_389' title='bbox 593 3436 632 3476; x_wconf 86' lang='lat' dir='ltr'>A</span> <span class='ocrx_word' id='word_1_390' title='bbox 665 3439 707 3476; x_wconf 86' lang='lat'><strong>1.</strong></span> <span class='ocrx_word' id='word_1_391' title='bbox 738 3438 775 3477; x_wconf 88' lang='lat' dir='ltr'>B</span> <span class='ocrx_word' id='word_1_392' title='bbox 813 3437 852 3477; x_wconf 86' lang='lat'><strong>1.</strong></span> <span class='ocrx_word' id='word_1_393' title='bbox 975 3436 1010 3489; x_wconf 85' lang='lat'><strong>1)</strong></span> <span class='ocrx_word' id='word_1_394' title='bbox 1040 3436 1289 3478; x_wconf 80' lang='lat' dir='ltr'><strong>demolitur</strong></span> <span class='ocrx_word' id='word_1_395' title='bbox 1321 3435 1355 3476; x_wconf 85' lang='lat' dir='ltr'>O</span> <span class='ocrx_word' id='word_1_396' title='bbox 1392 3437 1431 3475; x_wconf 86' lang='lat'><strong>1.</strong></span> <span class='ocrx_word' id='word_1_397' title='bbox 1466 3437 1508 3476; x_wconf 90' lang='grc'><strong>2.</strong></span> <span class='ocrx_word' id='word_1_398' title='bbox 1543 3436 1584 3475; x_wconf 94' lang='lat' dir='ltr'><strong>D</strong></span> <span class='ocrx_word' id='word_1_399' title='bbox 1619 3436 1661 3478; x_wconf 90' lang='grc'><strong>2.</strong></span> <span class='ocrx_word' id='word_1_400' title='bbox 1696 3435 1738 3485; x_wconf 83' lang='grc'><strong>8,</strong></span> <span class='ocrx_word' id='word_1_401' title='bbox 1769 3444 1984 3483; x_wconf 66' lang='lat' dir='ltr'><strong>super-vor.</strong></span> <span class='ocrx_word' id='word_1_402' title='bbox 2018 3435 2095 3476; x_wconf 81' lang='lat' dir='ltr'><strong>vel</strong></span> <span class='ocrx_word' id='word_1_403' title='bbox 2128 3433 2382 3484; x_wconf 77' lang='lat' dir='ltr'><strong>corrumpit</strong></span> <span class='ocrx_word' id='word_1_404' title='bbox 2410 3432 2448 3472; x_wconf 88' lang='lat' dir='ltr'>B</span> <span class='ocrx_word' id='word_1_405' title='bbox 2471 3434 2523 3481; x_wconf 78' lang='lat'><strong>13</strong></span> 
     </span>
     <span class='ocr_line' id='line_1_37' title="bbox 280 3488 2542 3547; baseline -0.003 -10"><span class='ocrx_word' id='word_1_406' title='bbox 280 3497 595 3537; x_wconf 78' lang='lat' dir='ltr'><strong>demoliuntur</strong></span> <span class='ocrx_word' id='word_1_407' title='bbox 624 3497 666 3536; x_wconf 93' lang='lat' dir='ltr'><strong>D</strong></span> <span class='ocrx_word' id='word_1_408' title='bbox 703 3498 742 3535; x_wconf 88' lang='lat'><strong>1.</strong></span> <span class='ocrx_word' id='word_1_409' title='bbox 892 3492 955 3546; x_wconf 86' lang='lat' dir='ltr'><strong>m)</strong></span> <span class='ocrx_word' id='word_1_410' title='bbox 993 3505 1129 3545; x_wconf 78' lang='lat' dir='ltr'><strong>quem</strong></span> <span class='ocrx_word' id='word_1_411' title='bbox 1161 3494 1202 3535; x_wconf 90' lang='lat' dir='ltr'>A</span> <span class='ocrx_word' id='word_1_412' title='bbox 1236 3496 1276 3535; x_wconf 90' lang='grc'><strong>2.</strong></span> <span class='ocrx_word' id='word_1_413' title='bbox 1429 3494 1477 3547; x_wconf 92' lang='lat' dir='ltr'><strong>n)</strong></span> <span class='ocrx_word' id='word_1_414' title='bbox 1512 3497 1560 3536; x_wconf 81' lang='lat' dir='ltr'><strong>et</strong></span> <span class='ocrx_word' id='word_1_415' title='bbox 1595 3516 1646 3525; x_wconf 91' lang='lat'>—</span> <span class='ocrx_word' id='word_1_416' title='bbox 1694 3493 1850 3533; x_wconf 82' lang='lat' dir='ltr'><strong>seculo</strong></span> <span class='ocrx_word' id='word_1_417' title='bbox 1883 3493 1970 3537; x_wconf 68' lang='lat' dir='ltr'><strong>des.</strong></span> <span class='ocrx_word' id='word_1_418' title='bbox 2000 3492 2040 3533; x_wconf 88' lang='lat' dir='ltr'>A</span> <span class='ocrx_word' id='word_1_419' title='bbox 2076 3494 2115 3533; x_wconf 91' lang='lat'><strong>1.</strong></span> <span class='ocrx_word' id='word_1_420' title='bbox 2269 3490 2315 3543; x_wconf 92' lang='lat' dir='ltr'><strong>o)</strong></span> <span class='ocrx_word' id='word_1_421' title='bbox 2350 3488 2542 3544; x_wconf 67' lang='lat' dir='ltr'><strong>c(a.)elo⁴</strong></span> 
     </span>
     <span class='ocr_line' id='line_1_38' title="bbox 282 3549 2520 3605; baseline -0.003 -8"><span class='ocrx_word' id='word_1_422' title='bbox 282 3555 324 3597; x_wconf 97' lang='lat' dir='ltr'>A</span> <span class='ocrx_word' id='word_1_423' title='bbox 357 3555 398 3595; x_wconf 87' lang='lat'><strong>8.</strong></span> <span class='ocrx_word' id='word_1_424' title='bbox 434 3555 474 3596; x_wconf 73' lang='lat'><strong>5.</strong></span> <span class='ocrx_word' id='word_1_425' title='bbox 506 3555 557 3595; x_wconf 69' lang='lat' dir='ltr'><strong>P.</strong></span> <span class='ocrx_word' id='word_1_426' title='bbox 595 3554 650 3605; x_wconf 88' lang='lat' dir='ltr'><strong>G,</strong></span> <span class='ocrx_word' id='word_1_427' title='bbox 683 3565 797 3595; x_wconf 79' lang='lat' dir='ltr'><strong>corr.</strong></span> <span class='ocrx_word' id='word_1_428' title='bbox 831 3557 955 3596; x_wconf 81' lang='lat' dir='ltr'><strong>terra</strong></span> <span class='ocrx_word' id='word_1_429' title='bbox 985 3555 1021 3594; x_wconf 73' lang='lat' dir='ltr'><strong>F</strong></span> <span class='ocrx_word' id='word_1_430' title='bbox 1056 3556 1095 3605; x_wconf 85' lang='lat'><strong>1,</strong></span> <span class='ocrx_word' id='word_1_431' title='bbox 1127 3558 1164 3594; x_wconf 70' lang='lat' dir='ltr'><strong>ee</strong></span> <span class='ocrx_word' id='word_1_432' title='bbox 1194 3554 1256 3594; x_wconf 71' lang='lat' dir='ltr'><strong>ica</strong></span> <span class='ocrx_word' id='word_1_433' title='bbox 1292 3553 1333 3594; x_wconf 90' lang='lat' dir='ltr'>G</span> <span class='ocrx_word' id='word_1_434' title='bbox 1371 3554 1501 3596; x_wconf 54' lang='lat' dir='ltr'><strong>hab.</strong></span> <span class='ocrx_word' id='word_1_435' title='bbox 1523 3564 1569 3603; x_wconf 70' lang='grc' dir='ltr'><strong>ος</strong></span> <span class='ocrx_word' id='word_1_436' title='bbox 1604 3553 1754 3593; x_wconf 77' lang='lat' dir='ltr'><strong>futuro</strong></span> <span class='ocrx_word' id='word_1_437' title='bbox 1787 3561 1878 3592; x_wconf 77' lang='lat' dir='ltr'><strong>sec.</strong></span> <span class='ocrx_word' id='word_1_438' title='bbox 1913 3550 1954 3591; x_wconf 90' lang='lat' dir='ltr'>A</span> <span class='ocrx_word' id='word_1_439' title='bbox 1984 3552 2025 3590; x_wconf 93' lang='lat'><strong>4.</strong></span> <span class='ocrx_word' id='word_1_440' title='bbox 2057 3552 2095 3592; x_wconf 88' lang='lat' dir='ltr'>B</span> <span class='ocrx_word' id='word_1_441' title='bbox 2126 3551 2164 3591; x_wconf 83' lang='grc'><strong>2.</strong></span> <span class='ocrx_word' id='word_1_442' title='bbox 2200 3550 2241 3591; x_wconf 91' lang='lat' dir='ltr'><strong>D</strong></span> <span class='ocrx_word' id='word_1_443' title='bbox 2275 3549 2319 3603; x_wconf 83' lang='lat'><strong>(1</strong></span> <span class='ocrx_word' id='word_1_444' title='bbox 2354 3560 2376 3589; x_wconf 74' lang='grc' dir='ltr'><strong><em>ο</em></strong></span> <span class='ocrx_word' id='word_1_445' title='bbox 2406 3559 2520 3590; x_wconf 73' lang='lat' dir='ltr'><strong>corr.</strong></span> 
     </span>
     <span class='ocr_line' id='line_1_39' title="bbox 278 3607 2523 3665; baseline -0.004 -10"><span class='ocrx_word' id='word_1_446' title='bbox 278 3625 377 3655; x_wconf 77' lang='lat' dir='ltr'><strong>sec.</strong></span> <span class='ocrx_word' id='word_1_447' title='bbox 407 3611 483 3665; x_wconf 64' lang='lat' dir='ltr'><strong>t).</strong></span> <span class='ocrx_word' id='word_1_448' title='bbox 513 3613 556 3653; x_wconf 81' lang='grc' dir='ltr'><strong>Η</strong></span> <span class='ocrx_word' id='word_1_449' title='bbox 590 3616 627 3655; x_wconf 90' lang='grc'><strong>1.</strong></span> <span class='ocrx_word' id='word_1_450' title='bbox 762 3612 810 3665; x_wconf 85' lang='lat' dir='ltr'><strong>p)</strong></span> <span class='ocrx_word' id='word_1_451' title='bbox 843 3612 1111 3654; x_wconf 77' lang='lat' dir='ltr'><strong>incurrebat</strong></span> <span class='ocrx_word' id='word_1_452' title='bbox 1150 3611 1190 3652; x_wconf 88' lang='lat' dir='ltr'>A</span> <span class='ocrx_word' id='word_1_453' title='bbox 1226 3615 1264 3657; x_wconf 86' lang='lat'><strong>1.</strong></span> <span class='ocrx_word' id='word_1_454' title='bbox 1297 3612 1331 3654; x_wconf 86' lang='grc' dir='ltr'>Ο</span> <span class='ocrx_word' id='word_1_455' title='bbox 1366 3614 1406 3654; x_wconf 92' lang='grc'><strong>1.</strong></span> <span class='ocrx_word' id='word_1_456' title='bbox 1444 3614 1483 3652; x_wconf 91' lang='grc'><strong>2.</strong></span> <span class='ocrx_word' id='word_1_457' title='bbox 1518 3613 1561 3652; x_wconf 90' lang='lat' dir='ltr'><strong>D</strong></span> <span class='ocrx_word' id='word_1_458' title='bbox 1598 3615 1619 3652; x_wconf 86' lang='lat'>1</span> <span class='ocrx_word' id='word_1_459' title='bbox 1657 3608 1825 3665; x_wconf 60' lang='lat' dir='ltr'><strong>(corn).</strong></span> <span class='ocrx_word' id='word_1_460' title='bbox 1963 3609 2011 3661; x_wconf 86' lang='lat' dir='ltr'><strong>q)</strong></span> <span class='ocrx_word' id='word_1_461' title='bbox 2046 3608 2184 3650; x_wconf 78' lang='lat' dir='ltr'><strong>Gothi</strong></span> <span class='ocrx_word' id='word_1_462' title='bbox 2214 3609 2251 3649; x_wconf 76' lang='lat' dir='ltr'><strong>F</strong></span> <span class='ocrx_word' id='word_1_463' title='bbox 2287 3611 2335 3658; x_wconf 77' lang='lat'><strong>13</strong></span> <span class='ocrx_word' id='word_1_464' title='bbox 2368 3607 2523 3648; x_wconf 73' lang='lat' dir='ltr'><strong>zothis</strong></span> 
     </span>
     <span class='ocr_line' id='line_1_40' title="bbox 283 3665 2522 3723; baseline -0.002 -9"><span class='ocrx_word' id='word_1_465' title='bbox 283 3672 328 3714; x_wconf 91' lang='lat' dir='ltr'>G</span> <span class='ocrx_word' id='word_1_466' title='bbox 360 3673 401 3713; x_wconf 91' lang='grc'><strong>2.</strong></span> <span class='ocrx_word' id='word_1_467' title='bbox 437 3673 478 3714; x_wconf 91' lang='lat'><strong>8.</strong></span> <span class='ocrx_word' id='word_1_468' title='bbox 630 3670 669 3722; x_wconf 88' lang='lat' dir='ltr'><strong>r)</strong></span> <span class='ocrx_word' id='word_1_469' title='bbox 703 3672 821 3713; x_wconf 77' lang='lat' dir='ltr'><strong>sicut</strong></span> <span class='ocrx_word' id='word_1_470' title='bbox 866 3682 967 3722; x_wconf 74' lang='lat' dir='ltr'><strong>sup.</strong></span> <span class='ocrx_word' id='word_1_471' title='bbox 1000 3672 1041 3713; x_wconf 86' lang='lat' dir='ltr'>A</span> <span class='ocrx_word' id='word_1_472' title='bbox 1073 3673 1114 3713; x_wconf 89' lang='lat'><strong>8.</strong></span> <span class='ocrx_word' id='word_1_473' title='bbox 1267 3670 1305 3723; x_wconf 77' lang='lat' dir='ltr'><strong>s)</strong></span> <span class='ocrx_word' id='word_1_474' title='bbox 1340 3669 1672 3722; x_wconf 76' lang='lat' dir='ltr'><strong>anticipatione</strong></span> <span class='ocrx_word' id='word_1_475' title='bbox 1703 3671 1739 3710; x_wconf 68' lang='lat'><strong>1³*</strong></span> <span class='ocrx_word' id='word_1_476' title='bbox 1775 3671 1813 3710; x_wconf 85' lang='lat'><strong>1.</strong></span> <span class='ocrx_word' id='word_1_477' title='bbox 1966 3667 2001 3720; x_wconf 92' lang='lat' dir='ltr'><strong>t)</strong></span> <span class='ocrx_word' id='word_1_478' title='bbox 2037 3669 2232 3709; x_wconf 75' lang='lat' dir='ltr'><strong>circuitu</strong></span> <span class='ocrx_word' id='word_1_479' title='bbox 2261 3668 2299 3708; x_wconf 72' lang='lat' dir='ltr'><strong>F</strong></span> <span class='ocrx_word' id='word_1_480' title='bbox 2333 3670 2372 3709; x_wconf 87' lang='lat'><strong>1.</strong></span> <span class='ocrx_word' id='word_1_481' title='bbox 2409 3665 2450 3707; x_wconf 89' lang='lat' dir='ltr'>G</span> <span class='ocrx_word' id='word_1_482' title='bbox 2484 3669 2522 3709; x_wconf 88' lang='lat'><strong>1.</strong></span> 
     </span>
     <span class='ocr_line' id='line_1_41' title="bbox 282 3723 2522 3784; baseline -0.002 -12"><span class='ocrx_word' id='word_1_483' title='bbox 282 3730 332 3784; x_wconf 85' lang='lat' dir='ltr'><strong>u)</strong></span> <span class='ocrx_word' id='word_1_484' title='bbox 367 3742 450 3772; x_wconf 82' lang='lat' dir='ltr'><strong>suo</strong></span> <span class='ocrx_word' id='word_1_485' title='bbox 500 3729 541 3771; x_wconf 89' lang='lat' dir='ltr'>G</span> <span class='ocrx_word' id='word_1_486' title='bbox 576 3731 614 3773; x_wconf 86' lang='lat'><strong>1.</strong></span> <span class='ocrx_word' id='word_1_487' title='bbox 652 3733 690 3771; x_wconf 90' lang='grc'><strong>2.</strong></span> <span class='ocrx_word' id='word_1_488' title='bbox 725 3732 768 3772; x_wconf 95' lang='grc'><strong>8.</strong></span> <span class='ocrx_word' id='word_1_489' title='bbox 920 3728 965 3781; x_wconf 78' lang='lat' dir='ltr'><strong>v)</strong></span> <span class='ocrx_word' id='word_1_490' title='bbox 996 3730 1220 3771; x_wconf 78' lang='lat' dir='ltr'><strong>revelavit</strong></span> <span class='ocrx_word' id='word_1_491' title='bbox 1264 3730 1305 3770; x_wconf 84' lang='lat' dir='ltr'>A</span> <span class='ocrx_word' id='word_1_492' title='bbox 1340 3731 1379 3770; x_wconf 89' lang='grc'><strong>2.</strong></span> <span class='ocrx_word' id='word_1_493' title='bbox 1426 3730 1461 3772; x_wconf 84' lang='lat' dir='ltr'>C</span> <span class='ocrx_word' id='word_1_494' title='bbox 1497 3733 1537 3770; x_wconf 86' lang='lat'><strong>1.</strong></span> <span class='ocrx_word' id='word_1_495' title='bbox 1585 3730 1626 3770; x_wconf 93' lang='lat' dir='ltr'>G</span> <span class='ocrx_word' id='word_1_496' title='bbox 1660 3732 1697 3770; x_wconf 84' lang='lat'><strong>1.</strong></span> <span class='ocrx_word' id='word_1_497' title='bbox 1730 3731 1773 3769; x_wconf 84' lang='lat'><strong>4.</strong></span> <span class='ocrx_word' id='word_1_498' title='bbox 1926 3725 1985 3780; x_wconf 89' lang='lat' dir='ltr'><strong>w)</strong></span> <span class='ocrx_word' id='word_1_499' title='bbox 2019 3737 2213 3778; x_wconf 72' lang='lat' dir='ltr'><strong>reguum</strong></span> <span class='ocrx_word' id='word_1_500' title='bbox 2246 3728 2286 3768; x_wconf 89' lang='lat' dir='ltr'>A</span> <span class='ocrx_word' id='word_1_501' title='bbox 2318 3723 2381 3768; x_wconf 81' lang='grc'><strong>’2.</strong></span> <span class='ocrx_word' id='word_1_502' title='bbox 2412 3724 2448 3767; x_wconf 85' lang='lat' dir='ltr'>C</span> <span class='ocrx_word' id='word_1_503' title='bbox 2482 3726 2522 3767; x_wconf 85' lang='grc'><strong>8.</strong></span> 
     </span>
     <span class='ocr_line' id='line_1_42' title="bbox 281 3785 2525 3841; baseline -0.003 -9"><span class='ocrx_word' id='word_1_504' title='bbox 281 3792 321 3832; x_wconf 80' lang='grc' dir='ltr'><strong>Ε</strong></span> <span class='ocrx_word' id='word_1_505' title='bbox 359 3792 397 3830; x_wconf 93' lang='grc'><strong>1.</strong></span> <span class='ocrx_word' id='word_1_506' title='bbox 433 3788 487 3841; x_wconf 90' lang='lat' dir='ltr'><strong>G,</strong></span> <span class='ocrx_word' id='word_1_507' title='bbox 519 3801 633 3831; x_wconf 78' lang='lat' dir='ltr'><strong>corr.</strong></span> <span class='ocrx_word' id='word_1_508' title='bbox 666 3799 829 3840; x_wconf 70' lang='lat' dir='ltr'><strong>regum</strong></span> <span class='ocrx_word' id='word_1_509' title='bbox 853 3790 894 3829; x_wconf 92' lang='lat' dir='ltr'><strong>D</strong></span> <span class='ocrx_word' id='word_1_510' title='bbox 932 3791 970 3830; x_wconf 86' lang='lat'><strong>1.</strong></span> <span class='ocrx_word' id='word_1_511' title='bbox 1007 3789 1048 3831; x_wconf 87' lang='lat' dir='ltr'>G</span> <span class='ocrx_word' id='word_1_512' title='bbox 1081 3791 1122 3840; x_wconf 91' lang='grc'><strong>2,</strong></span> <span class='ocrx_word' id='word_1_513' title='bbox 1154 3799 1267 3830; x_wconf 78' lang='lat' dir='ltr'><strong>corr.</strong></span> <span class='ocrx_word' id='word_1_514' title='bbox 1311 3790 1443 3838; x_wconf 60' lang='lat' dir='ltr'><strong>renni</strong></span> <span class='ocrx_word' id='word_1_515' title='bbox 1472 3790 1509 3829; x_wconf 76' lang='lat' dir='ltr'><strong>F</strong></span> <span class='ocrx_word' id='word_1_516' title='bbox 1544 3792 1593 3840; x_wconf 67' lang='grc' dir='ltr'><strong>ις</strong></span> <span class='ocrx_word' id='word_1_517' title='bbox 1639 3789 1748 3829; x_wconf 76' lang='lat' dir='ltr'><strong>dem</strong></span> <span class='ocrx_word' id='word_1_518' title='bbox 1782 3787 1816 3828; x_wconf 83' lang='lat' dir='ltr'>C</span> <span class='ocrx_word' id='word_1_519' title='bbox 1852 3788 1900 3836; x_wconf 74' lang='lat'><strong>23</strong></span> <span class='ocrx_word' id='word_1_520' title='bbox 1946 3797 2116 3827; x_wconf 70' lang='lat' dir='ltr'><strong>erasum</strong></span> <span class='ocrx_word' id='word_1_521' title='bbox 2147 3785 2188 3828; x_wconf 98' lang='lat' dir='ltr'>G</span> <span class='ocrx_word' id='word_1_522' title='bbox 2218 3788 2259 3826; x_wconf 77' lang='lat'><strong>4.</strong></span> <span class='ocrx_word' id='word_1_523' title='bbox 2300 3807 2351 3818; x_wconf 96' lang='lat'>—</span> <span class='ocrx_word' id='word_1_524' title='bbox 2383 3785 2525 3834; x_wconf 77' lang='lat' dir='ltr'><strong>impe·</strong></span> 
     </span>
     <span class='ocr_line' id='line_1_43' title="bbox 283 3843 2525 3897; baseline -0.003 -7"><span class='ocrx_word' id='word_1_525' title='bbox 283 3851 405 3890; x_wconf 80' lang='lat' dir='ltr'><strong>rium</strong></span> <span class='ocrx_word' id='word_1_526' title='bbox 435 3850 545 3889; x_wconf 67' lang='lat' dir='ltr'><strong>deest</strong></span> <span class='ocrx_word' id='word_1_527' title='bbox 579 3847 620 3889; x_wconf 89' lang='lat' dir='ltr'>G</span> <span class='ocrx_word' id='word_1_528' title='bbox 651 3848 779 3892; x_wconf 79' lang='lat' dir='ltr'><strong>5b.o.</strong></span> <span class='ocrx_word' id='word_1_529' title='bbox 903 3846 950 3897; x_wconf 84' lang='lat' dir='ltr'><strong>x)</strong></span> <span class='ocrx_word' id='word_1_530' title='bbox 984 3849 1047 3889; x_wconf 71' lang='lat' dir='ltr'><strong>ita</strong></span> <span class='ocrx_word' id='word_1_531' title='bbox 1077 3847 1119 3889; x_wconf 97' lang='lat' dir='ltr'>A</span> <span class='ocrx_word' id='word_1_532' title='bbox 1151 3849 1192 3891; x_wconf 84' lang='lat'><strong>1.</strong></span> <span class='ocrx_word' id='word_1_533' title='bbox 1230 3849 1270 3891; x_wconf 90' lang='grc'><strong>2.</strong></span> <span class='ocrx_word' id='word_1_534' title='bbox 1303 3848 1346 3889; x_wconf 82' lang='lat'><strong>4.</strong></span> <span class='ocrx_word' id='word_1_535' title='bbox 1380 3848 1420 3889; x_wconf 77' lang='grc' dir='ltr'><strong>δ.</strong></span> <span class='ocrx_word' id='word_1_536' title='bbox 1454 3850 1491 3889; x_wconf 86' lang='grc' dir='ltr'>Β</span> <span class='ocrx_word' id='word_1_537' title='bbox 1530 3851 1569 3889; x_wconf 89' lang='grc'><strong>1.</strong></span> <span class='ocrx_word' id='word_1_538' title='bbox 1606 3850 1674 3888; x_wconf 76' lang='grc' dir='ltr'><strong>ιο..</strong></span> <span class='ocrx_word' id='word_1_539' title='bbox 1709 3848 1747 3888; x_wconf 86' lang='grc'><strong>2.</strong></span> <span class='ocrx_word' id='word_1_540' title='bbox 1781 3848 1818 3888; x_wconf 78' lang='grc' dir='ltr'><strong>Ε</strong></span> <span class='ocrx_word' id='word_1_541' title='bbox 1855 3848 1894 3886; x_wconf 90' lang='grc'><strong>1.</strong></span> <span class='ocrx_word' id='word_1_542' title='bbox 1926 3846 1963 3886; x_wconf 74' lang='grc' dir='ltr'><strong>Ρ</strong></span> <span class='ocrx_word' id='word_1_543' title='bbox 1998 3848 2036 3886; x_wconf 92' lang='grc'><strong>1.</strong></span> <span class='ocrx_word' id='word_1_544' title='bbox 2073 3845 2114 3886; x_wconf 91' lang='lat' dir='ltr'>G</span> <span class='ocrx_word' id='word_1_545' title='bbox 2146 3846 2187 3887; x_wconf 92' lang='lat'><strong>8.</strong></span> <span class='ocrx_word' id='word_1_546' title='bbox 2221 3847 2265 3886; x_wconf 92' lang='lat'><strong>4.</strong></span> <span class='ocrx_word' id='word_1_547' title='bbox 2297 3844 2398 3885; x_wconf 69' lang='lat'><strong>111.</strong></span> <span class='ocrx_word' id='word_1_548' title='bbox 2434 3843 2525 3893; x_wconf 74' lang='lat'><strong>123</strong></span> 
     </span>
     <span class='ocr_line' id='line_1_44' title="bbox 283 3902 2525 3960; baseline -0.003 -11"><span class='ocrx_word' id='word_1_549' title='bbox 283 3918 489 3949; x_wconf 74' lang='lat' dir='ltr'><strong>cesarem</strong></span> <span class='ocrx_word' id='word_1_550' title='bbox 521 3907 555 3948; x_wconf 85' lang='grc' dir='ltr'>Ο</span> <span class='ocrx_word' id='word_1_551' title='bbox 591 3910 628 3948; x_wconf 91' lang='grc'><strong>1.</strong></span> <span class='ocrx_word' id='word_1_552' title='bbox 659 3908 701 3947; x_wconf 91' lang='lat' dir='ltr'><strong>D</strong></span> <span class='ocrx_word' id='word_1_553' title='bbox 740 3910 786 3957; x_wconf 74' lang='grc' dir='ltr'><strong>ις</strong></span> <span class='ocrx_word' id='word_1_554' title='bbox 820 3917 977 3948; x_wconf 76' lang='lat' dir='ltr'><strong>cesare</strong></span> <span class='ocrx_word' id='word_1_555' title='bbox 1009 3906 1051 3948; x_wconf 97' lang='lat' dir='ltr'>A</span> <span class='ocrx_word' id='word_1_556' title='bbox 1080 3904 1142 3948; x_wconf 85' lang='grc'><strong>’2.</strong></span> <span class='ocrx_word' id='word_1_557' title='bbox 1176 3908 1219 3959; x_wconf 90' lang='lat'><strong>8,</strong></span> <span class='ocrx_word' id='word_1_558' title='bbox 1250 3907 1343 3948; x_wconf 75' lang='lat' dir='ltr'><strong>alii.</strong></span> <span class='ocrx_word' id='word_1_559' title='bbox 1495 3907 1543 3960; x_wconf 84' lang='lat' dir='ltr'><strong>y)</strong></span> <span class='ocrx_word' id='word_1_560' title='bbox 1573 3907 1622 3947; x_wconf 78' lang='lat' dir='ltr'><strong>in</strong></span> <span class='ocrx_word' id='word_1_561' title='bbox 1653 3906 1827 3957; x_wconf 79' lang='lat' dir='ltr'><strong>palatio</strong></span> <span class='ocrx_word' id='word_1_562' title='bbox 1857 3904 1898 3945; x_wconf 90' lang='lat' dir='ltr'>A</span> <span class='ocrx_word' id='word_1_563' title='bbox 1930 3906 1981 3955; x_wconf 76' lang='lat'><strong>83</strong></span> <span class='ocrx_word' id='word_1_564' title='bbox 2027 3915 2112 3955; x_wconf 86' lang='lat' dir='ltr'><strong>per</strong></span> <span class='ocrx_word' id='word_1_565' title='bbox 2141 3905 2252 3945; x_wconf 72' lang='lat' dir='ltr'><strong>dom</strong></span> <span class='ocrx_word' id='word_1_566' title='bbox 2285 3902 2326 3945; x_wconf 98' lang='lat' dir='ltr'>G</span> <span class='ocrx_word' id='word_1_567' title='bbox 2358 3903 2407 3951; x_wconf 77' lang='lat'><strong>83</strong></span> <span class='ocrx_word' id='word_1_568' title='bbox 2441 3911 2525 3953; x_wconf 71' lang='lat' dir='ltr'><strong>por</strong></span> 
     </span>
     <span class='ocr_line' id='line_1_45' title="bbox 288 3964 1945 4019; baseline -0.001 -11"><span class='ocrx_word' id='word_1_569' title='bbox 288 3989 342 3999; x_wconf 92' lang='lat'>—</span> <span class='ocrx_word' id='word_1_570' title='bbox 375 3976 476 4008; x_wconf 86' lang='lat' dir='ltr'><strong>mar</strong></span> <span class='ocrx_word' id='word_1_571' title='bbox 508 3968 554 4006; x_wconf 78' lang='grc' dir='ltr'><strong>ἰπ</strong></span> <span class='ocrx_word' id='word_1_572' title='bbox 573 3968 666 4019; x_wconf 70' lang='lat' dir='ltr'><strong>fine</strong></span> <span class='ocrx_word' id='word_1_573' title='bbox 697 3967 998 4018; x_wconf 67' lang='lat' dir='ltr'><strong>quaternionis</strong></span> <span class='ocrx_word' id='word_1_574' title='bbox 1023 3971 1123 4017; x_wconf 68' lang='lat' dir='ltr'><strong>post</strong></span> <span class='ocrx_word' id='word_1_575' title='bbox 1154 3966 1295 4017; x_wconf 69' lang='lat' dir='ltr'><strong>suppl.</strong></span> <span class='ocrx_word' id='word_1_576' title='bbox 1331 3966 1372 4007; x_wconf 91' lang='lat' dir='ltr'><strong>D</strong></span> <span class='ocrx_word' id='word_1_577' title='bbox 1407 3968 1445 4009; x_wconf 86' lang='lat'><strong>1.</strong></span> <span class='ocrx_word' id='word_1_578' title='bbox 1568 3964 1610 4017; x_wconf 80' lang='lat' dir='ltr'><strong>z)</strong></span> <span class='ocrx_word' id='word_1_579' title='bbox 1645 3964 1804 4006; x_wconf 82' lang='lat' dir='ltr'><strong>tabula</strong></span> <span class='ocrx_word' id='word_1_580' title='bbox 1833 3964 1869 4004; x_wconf 65' lang='lat'><strong>1³</strong></span> <span class='ocrx_word' id='word_1_581' title='bbox 1904 3966 1945 4008; x_wconf 86' lang='lat'><strong>1.</strong></span> 
     </span>
    </p>
   </div>
   <div class='ocr_carea' id='block_1_6' title="bbox 286 4132 2528 4427">
    <p class='ocr_par' dir='ltr' id='par_1_6' title="bbox 286 4132 2528 4427">
     <span class='ocr_line' id='line_1_46' title="bbox 291 4132 2526 4208; baseline -0.002 -18"><span class='ocrx_word' id='word_1_582' title='bbox 291 4136 350 4206; x_wconf 86' lang='lat'><strong>1)</strong></span> <span class='ocrx_word' id='word_1_583' title='bbox 388 4139 478 4191; x_wconf 73' lang='lat' dir='ltr'><strong>Ea:</strong></span> <span class='ocrx_word' id='word_1_584' title='bbox 517 4139 672 4208; x_wconf 70' lang='lat' dir='ltr'><strong>Grcq.</strong></span> <span class='ocrx_word' id='word_1_585' title='bbox 721 4137 848 4193; x_wconf 78' lang='lat' dir='ltr'><strong>Tur.</strong></span> <span class='ocrx_word' id='word_1_586' title='bbox 901 4139 960 4206; x_wconf 83' lang='lat' dir='ltr'><strong>V,</strong></span> <span class='ocrx_word' id='word_1_587' title='bbox 1004 4142 1091 4193; x_wconf 87' lang='grc'><strong>19.</strong></span> <span class='ocrx_word' id='word_1_588' title='bbox 1205 4138 1264 4208; x_wconf 79' lang='grc'><strong>2)</strong></span> <span class='ocrx_word' id='word_1_589' title='bbox 1305 4139 1532 4193; x_wconf 81' lang='lat' dir='ltr'><strong>Confido</strong></span> <span class='ocrx_word' id='word_1_590' title='bbox 1570 4140 1626 4190; x_wconf 90' lang='lat' dir='ltr'><strong>in</strong></span> <span class='ocrx_word' id='word_1_591' title='bbox 1664 4139 1895 4191; x_wconf 86' lang='lat' dir='ltr'><strong>Domino</strong></span> <span class='ocrx_word' id='word_1_592' title='bbox 1932 4137 2156 4189; x_wconf 71' lang='lat' dir='ltr'><strong>Paulus.</strong></span> <span class='ocrx_word' id='word_1_593' title='bbox 2268 4132 2329 4201; x_wconf 86' lang='grc'><strong>3)</strong></span> <span class='ocrx_word' id='word_1_594' title='bbox 2367 4135 2526 4187; x_wconf 83' lang='lat' dir='ltr'><strong>Iusti-</strong></span> 
     </span>
     <span class='ocr_line' id='line_1_47' title="bbox 286 4207 2527 4281; baseline -0.003 -17"><span class='ocrx_word' id='word_1_595' title='bbox 286 4229 388 4265; x_wconf 80' lang='lat' dir='ltr'><strong>nus</strong></span> <span class='ocrx_word' id='word_1_596' title='bbox 430 4239 496 4251; x_wconf 93' lang='lat'>-</span> <span class='ocrx_word' id='word_1_597' title='bbox 555 4213 728 4266; x_wconf 80' lang='lat' dir='ltr'><strong>finivit</strong></span> <span class='ocrx_word' id='word_1_598' title='bbox 786 4213 940 4281; x_wconf 59' lang='grc' dir='ltr'><strong>(ἶνες.</strong></span> <span class='ocrx_word' id='word_1_599' title='bbox 1011 4213 1070 4278; x_wconf 85' lang='lat' dir='ltr'><strong>V,</strong></span> <span class='ocrx_word' id='word_1_600' title='bbox 1110 4214 1199 4266; x_wconf 83' lang='lat'><strong>30.</strong></span> <span class='ocrx_word' id='word_1_601' title='bbox 1387 4213 1445 4277; x_wconf 81' lang='lat'><strong>4)</strong></span> <span class='ocrx_word' id='word_1_602' title='bbox 1483 4211 1705 4279; x_wconf 83' lang='lat' dir='ltr'><strong>impleto</strong></span> <span class='ocrx_word' id='word_1_603' title='bbox 1764 4210 2135 4263; x_wconf 83' lang='lat' dir='ltr'><strong>octuodecimo</strong></span> <span class='ocrx_word' id='word_1_604' title='bbox 2187 4223 2326 4260; x_wconf 87' lang='lat' dir='ltr'><strong>anno</strong></span> <span class='ocrx_word' id='word_1_605' title='bbox 2368 4207 2527 4275; x_wconf 63' lang='grc' dir='ltr'><strong>(ἶνες.</strong></span> 
     </span>
     <span class='ocr_line' id='line_1_48' title="bbox 299 4280 2527 4355; baseline -0.003 -17"><span class='ocrx_word' id='word_1_606' title='bbox 299 4284 452 4348; x_wconf 73' lang='lat' dir='ltr'><strong>Quod</strong></span> <span class='ocrx_word' id='word_1_607' title='bbox 475 4286 686 4355; x_wconf 71' lang='lat' dir='ltr'><strong>falsum</strong></span> <span class='ocrx_word' id='word_1_608' title='bbox 725 4303 834 4341; x_wconf 70' lang='lat' dir='ltr'><strong>esec</strong></span> <span class='ocrx_word' id='word_1_609' title='bbox 874 4293 1075 4339; x_wconf 72' lang='lat' dir='ltr'><strong>constat</strong></span> <span class='ocrx_word' id='word_1_610' title='bbox 1086 4304 1101 4347; x_wconf 88' lang='grc'><strong>,·</strong></span> <span class='ocrx_word' id='word_1_611' title='bbox 1138 4303 1266 4338; x_wconf 81' lang='lat' dir='ltr'><strong>nam</strong></span> <span class='ocrx_word' id='word_1_612' title='bbox 1305 4303 1472 4337; x_wconf 75' lang='lat' dir='ltr'><strong>annos</strong></span> <span class='ocrx_word' id='word_1_613' title='bbox 1496 4285 1622 4351; x_wconf 80' lang='lat' dir='ltr'><strong>fere</strong></span> <span class='ocrx_word' id='word_1_614' title='bbox 1651 4285 1715 4333; x_wconf 83' lang='lat'><strong>13</strong></span> <span class='ocrx_word' id='word_1_615' title='bbox 1743 4283 1988 4335; x_wconf 68' lang='lat' dir='ltr'><strong>Justinus</strong></span> <span class='ocrx_word' id='word_1_616' title='bbox 2025 4281 2305 4348; x_wconf 75' lang='lat' dir='ltr'><strong>imperium</strong></span> <span class='ocrx_word' id='word_1_617' title='bbox 2344 4280 2527 4334; x_wconf 72' lang='lat' dir='ltr'><strong>tenuit.</strong></span> 
     </span>
     <span class='ocr_line' id='line_1_49' title="bbox 294 4356 2528 4427; baseline -0.002 -16"><span class='ocrx_word' id='word_1_618' title='bbox 294 4361 353 4421; x_wconf 77' lang='lat'><strong>5)</strong></span> <span class='ocrx_word' id='word_1_619' title='bbox 396 4356 477 4422; x_wconf 83' lang='grc' dir='ltr'><strong>ΙΙ,</strong></span> <span class='ocrx_word' id='word_1_620' title='bbox 540 4362 567 4411; x_wconf 90' lang='grc'><strong>1</strong></span> <span class='ocrx_word' id='word_1_621' title='bbox 629 4377 758 4427; x_wconf 63' lang='grc' dir='ltr'><strong>ης..</strong></span> <span class='ocrx_word' id='word_1_622' title='bbox 813 4360 904 4413; x_wconf 73' lang='lat' dir='ltr'><strong>ubi</strong></span> <span class='ocrx_word' id='word_1_623' title='bbox 959 4367 1094 4413; x_wconf 75' lang='lat' dir='ltr'><strong>recte</strong></span> <span class='ocrx_word' id='word_1_624' title='bbox 1150 4360 1246 4412; x_wconf 74' lang='lat' dir='ltr'><strong>sub</strong></span> <span class='ocrx_word' id='word_1_625' title='bbox 1300 4358 1607 4411; x_wconf 71' lang='lat' dir='ltr'><strong>Justiniano</strong></span> <span class='ocrx_word' id='word_1_626' title='bbox 1664 4357 1792 4409; x_wconf 78' lang='lat' dir='ltr'><strong>haec</strong></span> <span class='ocrx_word' id='word_1_627' title='bbox 1848 4356 1984 4410; x_wconf 82' lang='lat' dir='ltr'><strong>bella</strong></span> <span class='ocrx_word' id='word_1_628' title='bbox 2026 4361 2175 4422; x_wconf 63' lang='lat' dir='ltr'><strong>,qesta</strong></span> <span class='ocrx_word' id='word_1_629' title='bbox 2210 4361 2528 4407; x_wconf 76' lang='lat' dir='ltr'><strong>narrantur.</strong></span> 
     </span>
    </p>
   </div>
   <div class='ocr_carea' id='block_1_7' title="bbox 293 4431 1541 4502">
    <p class='ocr_par' dir='ltr' id='par_1_7' title="bbox 293 4431 1541 4502">
     <span class='ocr_line' id='line_1_50' title="bbox 293 4431 1541 4502; baseline 0.001 -20"><span class='ocrx_word' id='word_1_630' title='bbox 293 4431 355 4500; x_wconf 75' lang='grc'><strong>6)</strong></span> <span class='ocrx_word' id='word_1_631' title='bbox 395 4434 482 4487; x_wconf 72' lang='lat' dir='ltr'><strong>Ex</strong></span> <span class='ocrx_word' id='word_1_632' title='bbox 523 4434 587 4488; x_wconf 81' lang='lat' dir='ltr'><strong>G.</strong></span> <span class='ocrx_word' id='word_1_633' title='bbox 616 4442 768 4502; x_wconf 74' lang='lat' dir='ltr'><strong>pont.</strong></span> <span class='ocrx_word' id='word_1_634' title='bbox 920 4432 978 4501; x_wconf 78' lang='lat'><strong>7)</strong></span> <span class='ocrx_word' id='word_1_635' title='bbox 1018 4433 1104 4485; x_wconf 76' lang='lat' dir='ltr'><strong>Ea.-</strong></span> <span class='ocrx_word' id='word_1_636' title='bbox 1145 4433 1301 4500; x_wconf 62' lang='grc' dir='ltr'><strong>(ἶνες.</strong></span> <span class='ocrx_word' id='word_1_637' title='bbox 1354 4432 1412 4497; x_wconf 83' lang='lat' dir='ltr'><strong>V,</strong></span> <span class='ocrx_word' id='word_1_638' title='bbox 1456 4433 1541 4483; x_wconf 82' lang='lat'><strong>19.</strong></span> 
     </span>
    </p>
   </div>
  </div>
 </body>
</html>
