3042 4909
578 382 647 430 64
887 380 1106 432 PAULI
1146 380 1492 434 HISTORIA
1533 379 2204 433 LANGOBARDORUM.
2279 377 2426 430 LIB.
2465 379 2511 430 1.

744 548 842 611 18.
929 547 1252 613 Defuncto
1273 559 1291 594 ¹
1359 556 1507 632 post
1569 545 1729 611 haec
1789 546 2222 627 Lamissione,
2352 546 2421 609 ui
2508 545 2823 610 secundus

575 640 981 718 regnaverat,
1035 632 1261 697 tertius
1327 631 1409 694 ad
1472 630 1657 716 regni
1715 628 2150 717 gubernacula
2209 567 2459 694 Lellm·
2514 628 2822 694 ascendit.

575 715 707 796 Qui
736 735 884 778 cum
914 716 1338 801 quadraginta
1364 713 1563 779 ferme
1592 736 1793 778 annos
1817 723 2163 799 regnasset,
2207 711 2482 778 Hildeoc
2500 713 2527 755 ὓ
2557 710 2761 776 filium
2777 724 2822 795 ⁰,

576 799 687 885 qui
732 808 995 884 quartus
1024 799 1092 861 in
1135 819 1402 863 numero
1429 798 1569 879 fuit,
1612 798 1793 883 regni
1840 817 2273 862 successorem
2316 795 2589 896 reliquii.
2674 794 2821 860 Hoc

572 902 827 968 quoque
870 880 1189 963 defuncto,
1234 882 1493 968 quintus
1540 880 1855 946 Grudeoc‘¹
1897 902 2167 965 regnum
2211 890 2514 967 suscepit.

747 966 844 1032 19.
930 965 1052 1029 His
1099 965 1496 1052 temporibus
1554 965 1721 1030 inter
1762 962 2118 1046 odoacare,
2165 965 2276 1051 qui
2318 965 2386 1028 in
2432 961 2652 1028 Italiat
2703 983 2819 1048 per

575 1048 837 1135 aliquod
863 1050 994 1114 iam
1023 1070 1224 1113 annos
1252 1050 1584 1134 regnabat,
1608 1057 1671 1114 et
1698 1047 2089 1130 Feletheum,
2135 1049 2248 1135 qui
2277 1057 2343 1113 et
2367 1048 2583 1113 Fevass
2612 1046 2819 1112 dietus

587 1144 699 1213 est,
743 1134 1077 1218 Rugorum
1106 1155 1344 1232 regem,
1376 1153 1758 1218 magnarum
1786 1132 2267 1196 inimicitiarum
2296 1131 2498 1196 fomes
2530 1130 2819 1196 exarsit2.

577 1216 708 1297 Qui
743 1215 1082 1283 Feletheus
1110 1216 1235 1281 ilhs
1262 1217 1490 1283 diebus
1531 1215 1894 1281 ulteriorem
1921 1215 2215 1280 Danubii
2241 1215 2453 1301 ripam
2479 1211 2820 1294 incolebat,

376 1320 451 1375 ·p.
483 1322 554 1366 ω,
622 1300 816 1363 uam¹¹
862 1322 902 1364 a
940 1299 1194 1365 Noricii
1241 1299 1518 1364 *finibus
1560 1300 1733 1365 idem
1753 1301 1782 1342 ¹¹
1827 1299 2173 1364 Danubius
2232 1308 2505 1385 separat.
2591 1297 2671 1361 In
2720 1294 2822 1360 his

639 1386 958 1449 oricorum
989 1383 1223 1448 finibus
1252 1382 1425 1449 beati
1452 1393 1609 1448 tunc
1638 1393 1774 1449 erat
1804 1383 2125 1448 Severinil
2179 1381 2559 1448 coenobium
2576 1392 2625 1444 ⁸.
2693 1380 2823 1462 Qui

578 1468 751 1531 omni
780 1466 1245 1533 abstinentiaem
1274 1467 1609 1532 sanctitate
1639 1467 1986 1552 praeditus,
2023 1465 2240 1531 multis
2275 1468 2408 1529 iam
2447 1474 2584 1529 erat
2623 1470 2822 1527 virtu-

576 1548 750 1614 tibus
815 1550 1041 1614 clarus.
1149 1550 1279 1632 Qui
1343 1571 1492 1615 cum
1558 1549 1845 1615 hisdemn
1908 1550 1977 1613 in
2037 1548 2198 1614 locis
2251 1549 2334 1612 ad
2387 1549 2559 1612 vitae
2612 1568 2818 1633 usque

578 1644 781 1700 metas
833 1633 1213 1716 habitasset,
1272 1655 1443 1698 nunc
1499 1640 1715 1698 tamen
1773 1634 1910 1697 eius
1953 1631 2406 1718 corpusculum
2449 1628 2819 1716 Neapolim⁰

579 1718 807 1783 retinet
824 1728 867 1780 ⁴.
954 1716 1084 1781 Hic
1129 1718 1385 1817 saepius
1426 1716 1598 1781 hunc
1628 1715 1709 1780 de
1753 1737 1881 1801 quo
1926 1715 2207 1780 diximus
2236 1713 2612 1781 Feletheum
2656 1713 2822 1777 eius-

582 1823 706 1888 que
752 1802 1109 1886 coniugem,
1155 1822 1262 1865 cul
1275 1813 1304 1854 Ρ
1356 1797 1745 1864 vocabulum
1791 1799 1950 1865 Grisa
1966 1812 1995 1854 ‘1
2050 1800 2189 1882 fuit,
2242 1809 2315 1865 ut
2356 1796 2437 1862 ab
2483 1796 2823 1884 iniquitate

581 1885 997 1971 quiescerent,
1055 1883 1272 1949 verbis
1288 1896 1312 1927 r
1368 1882 1750 1950 coelestibus
1803 1883 2070 1949 monuit.
2171 1881 2425 1965 Quibus
2476 1881 2590 1967 pia
2622 1877 2823 1945 verba

612 1991 631 2022 Ι

582 2062 627 2114 a)
656 2065 774 2105 Letu
805 2066 906 2106 As.
925 2067 966 2118 3,
997 2076 1112 2108 corr.
1141 2066 1284 2106 Letns
1314 2064 1356 2105 A
1385 2062 1454 2114 '33
1485 2065 1695 2106 Lethunc
1726 2063 1828 2105 Δ5.
1862 2065 1913 2114 63
1945 2065 2146 2106 Letthnc
2173 2066 2211 2106 Β
2247 2066 2297 2114 13
2328 2064 2460 2105 Lette
2487 2063 2527 2104 B
2560 2064 2614 2113 83
2645 2060 2824 2103 Lethuc

584 2123 624 2165 G
657 2124 699 2163 2.
745 2125 769 2164 Ι
801 2125 850 2173 8;
899 2124 1071 2164 Lethus
1120 2123 1161 2164 G
1193 2125 1236 2166 3.
1283 2124 1335 2175 L,
1377 2136 1398 2164 e
1442 2136 1559 2168 corr.
1590 2123 1632 2163 A
1664 2125 1731 2164 8ο.
1780 2122 1822 2163 G
1854 2126 1901 2173 13
1950 2124 2137 2165 Lethn
2171 2125 2212 2165 1.
2262 2125 2299 2163 F
2331 2123 2456 2172 253
2500 2122 2654 2164 Lethii
2697 2121 2742 2161 H
2775 2122 2821 2161 1.

582 2180 630 2233 b)
665 2181 862 2223 Gildeoc
891 2194 1007 2223 corr.
1041 2184 1183 2222 eadem
1224 2193 1359 2222 manu
1388 2183 1588 2223 Hildeoc
1618 2181 1660 2222 A
1694 2183 2001 2232 1;.Hildehoc
2030 2183 2072 2224 A
2104 2184 2146 2225 2.
2179 2183 2223 2222 D
2244 2185 2286 2224 1.
2315 2183 2352 2222 1³
2386 2184 2429 2226 1.
2457 2182 2500 2221 4.
2534 2180 2579 2222 5.
2613 2179 2656 2221 G
2687 2179 2820 2219 1—4.

580 2241 605 2281 1
638 2242 690 2290 13
737 2242 963 2282 Hildeoch
992 2241 1035 2282 A
1067 2241 1111 2284 5.
1144 2242 1179 2283 c
1212 2243 1253 2282 2.
1287 2242 1327 2284 8.
1360 2240 1402 2282 G
1432 2238 1494 2283 ’5.
1528 2241 1608 2291 δας
1653 2241 1845 2281 Ildehoe
1873 2242 1912 2280 B
1945 2243 1988 2286 2.
2017 2243 2057 2282 Β
2092 2243 2139 2292 13
2170 2241 2430 2282 Hildehohe
2463 2239 2506 2281 G
2534 2238 2615 2290 503
2645 2239 2825 2280 mdeoc

580 2299 625 2339 H
657 2302 699 2342 1.
734 2298 959 2341 Gildehoc
989 2301 1025 2340 F
1058 2301 1110 2350 23
1143 2300 1396 2342 childehoe
1425 2300 1481 2342 L.
1604 2298 1647 2351 c)
1680 2300 1712 2340 f.
1754 2310 1889 2340 snum
1918 2301 1957 2340 Β
1993 2303 2032 2341 1.
2156 2298 2203 2352 d)
2237 2299 2458 2341 Gndehoe
2488 2300 2526 2340 Β
2562 2300 2602 2340 1.
2636 2298 2672 2340 0
2706 2298 2748 2340 1.
2782 2296 2825 2337 G

582 2359 624 2397 4.
654 2359 678 2398 1
710 2358 762 2408 83
795 2358 1012 2400 Godehoc
1041 2358 1081 2399 A
1113 2359 1153 2399 2.
1187 2356 1249 2400 ’8.
1285 2360 1326 2401 7.
1359 2358 1401 2399 D
1435 2360 1486 2409 23
1532 2358 1720 2400 Godeoc
1766 2358 1806 2399 A
1840 2359 1883 2399 8.
1914 2359 1959 2399 Η
1993 2360 2032 2400 1.
2062 2359 2101 2400 Β
2134 2361 2158 2399 1
2192 2363 2229 2398 ee
2258 2359 2383 2410 infra
2425 2357 2468 2398 A
2498 2354 2570 2406 '83
2602 2354 2825 2398 Gudeoeh

584 2417 619 2459 Ο
653 2418 696 2458 2.
731 2419 775 2459 8.
810 2417 1046 2470 (Godeoeh
1076 2418 1203 2468 infra
1232 2417 1274 2457 A
1310 2416 1380 2470 7);
1415 2418 1666 2459 Gaudehoc
1696 2418 1765 2468 D3
1801 2417 1988 2459 Gedech
2017 2417 2060 2458 A
2091 2417 2117 2459 5
2163 2418 2306 2472 (infra
2338 2414 2602 2468 Ghodeeh)3
2636 2413 2821 2456 Godech

584 2475 626 2516 A
657 2477 712 2526 ὃς
745 2475 960 2517 Gedehoc
991 2478 1027 2516 F
1060 2478 1112 2526 2;
1150 2477 1343 2518 Gedeon
1373 2477 1409 2517 Β
1445 2480 1467 2517 1
1511 2476 1646 2529 (corr.
1681 2475 1905 2529 Godeoc).
1940 2477 1981 2517 G
2011 2479 2062 2528 ³3
2096 2476 2289 2518 Godeon
2318 2478 2356 2517 1³·
2388 2477 2432 2520 4.
2467 2475 2510 2517 G
2542 2479 2583 2517 1.
2615 2476 2668 2524 83
2702 2473 2822 2515 Gno-

585 2535 705 2575 deon
738 2534 779 2576 G
810 2536 887 2584 5a3
923 2534 1118 2576 Gudeon
1152 2536 1193 2576 G
1221 2533 1284 2577 ·5.
1318 2535 1376 2577 51)
1417 2535 1473 2589 (et
1519 2537 1584 2575 ita
1629 2546 1773 2576 omnes
1815 2535 1858 2576 G
1895 2536 1945 2576 in
1984 2535 2172 2588 indice„
2217 2536 2409 2577 Gnodeo
2454 2534 2497 2575 G
2527 2534 2603 2583 503
2635 2532 2821 2574 Gndeos

583 2593 710 2643 infra
738 2595 776 2634 F
808 2596 849 2635 1.
886 2593 928 2634 G
958 2595 1011 2644 33
1044 2593 1233 2636 Gudens
1265 2594 1392 2644 infra
1424 2594 1531 2644 G13
1565 2594 1749 2635 Godeos
1779 2594 1904 2644 infra
1937 2593 2050 2645 G43
2083 2595 2251 2637 Goden
2279 2593 2377 2636 F5.
2501 2590 2546 2644 e)
2580 2591 2823 2633 Odoachar

583 2652 626 2692 A
658 2653 700 2694 7.
731 2653 770 2693 Β
805 2655 846 2693 1.
893 2653 928 2694 c
960 2653 1002 2694 8.
1035 2654 1078 2693 D
1111 2654 1156 2696 2.
1197 2654 1235 2693 F
1266 2655 1307 2694 2.
1336 2654 1390 2702 43
1437 2653 1648 2694 odoacer
1678 2652 1719 2692 A
1749 2653 1795 2693 6.
1825 2654 1864 2693 F
1895 2652 1949 2703 53
1994 2652 2208 2694 Adoacer
2251 2653 2293 2694 A
2325 2654 2375 2702 53
2420 2651 2635 2692 Odochar
2666 2649 2708 2691 G
2738 2649 2823 2697 5b3

585 2710 797 2751 odachar
828 2709 870 2751 G
900 2711 978 2762 δας
1010 2711 1086 2753 vel
1117 2711 1377 2752 odoacrum
1407 2722 1621 2762 super-ser.
1653 2712 1696 2751 D
1729 2712 1771 2752 1.
1862 2708 1899 2762 f)
1933 2713 2056 2752 intra
2085 2712 2272 2753 Italiam
2301 2711 2353 2751 Γ.
2373 2709 2429 2753 G.
2461 2711 2485 2749 1
2503 2712 2544 2749 1.
2634 2706 2683 2759 g)
2698 2708 2826 2749 Feba

583 2770 622 2809 Β
658 2770 698 2810 1.
731 2769 767 2808 F
801 2771 843 2809 1.
898 2770 938 2808 G
971 2771 1010 2809 1.
1045 2770 1088 2810 2.
1136 2768 1197 2812 ’5.
1232 2769 1302 2813 5ο..
1349 2770 1372 2809 1
1404 2770 1455 2819 8;
1499 2771 1630 2810 Fava
1657 2770 1697 2810 Β
1731 2771 1782 2819 1;
1826 2769 1955 2810 Faba
2002 2769 2043 2810 G
2075 2770 2117 2811 8.
2151 2771 2291 2818 51).c;
2335 2768 2470 2809 Heba
2498 2767 2542 2808 A
2572 2767 2614 2810 5.
2662 2767 2735 2808 bb.
2769 2767 2822 2814 ὃς

582 2827 730 2867 Plebs
757 2828 797 2868 Β
831 2828 886 2876 2;
915 2828 1074 2868 Pheba
1103 2829 1140 2868 1³
1172 2828 1225 2878 83
1253 2828 1419 2869 Fethia
1448 2829 1472 2868 1
1505 2830 1549 2871 1.
1677 2824 1725 2878 h)
1758 2837 1852 2876 qna
1879 2828 1922 2867 A
1953 2828 1995 2871 2.
2114 2826 2149 2879 i)
2181 2839 2226 2877 q.
2255 2813 2467 2867 bonon-ici
2494 2825 2538 2865 A
2570 2827 2621 2875 13
2652 2835 2682 2866 a
2711 2834 2826 2865 nuo·

586 2885 673 2926 rici
701 2886 740 2925 Β
776 2888 825 2934 1;
858 2887 1031 2925 noricis
1061 2885 1103 2926 A
1135 2883 1195 2929 ’2.
1227 2887 1270 2926 D
1303 2886 1344 2926 8.
1377 2885 1419 2926 G
1448 2887 1520 2928 8⁸.
1554 2882 1628 2934 ‘53
1660 2896 1703 2934 q.
1734 2886 1976 2926 arrianieis
2006 2886 2049 2925 D
2084 2887 2134 2936 23
2178 2887 2393 2926 onos-icus
2424 2884 2554 2925 sinus
2583 2885 2618 2928 i.
2644 2884 2683 2923 1³
2714 2884 2762 2932 53
2794 2892 2824 2923 a

586 2944 737 2984 norici
769 2954 790 2983 e
819 2955 935 2984 corr.
966 2944 1003 2984 F
1037 2946 1076 2986 1.
1194 2942 1241 2995 k)
1271 2944 1319 2984 iti
1351 2948 1421 2985 est
1450 2945 1489 2983 B
1523 2945 1565 2985 2.
1597 2945 1642 2984 8.
1673 2943 1710 2984 Ε·
1738 2947 1777 2986 1.
1810 2943 1867 2985 G.
1902 2965 1953 2975 —
1987 2944 2194 2984 Danubii
2223 2943 2290 2983 vel
2318 2943 2527 2984 Danuvii
2555 2942 2593 2981 1³·
2626 2943 2667 2981 1.
2702 2940 2745 2981 G
2777 2943 2818 2981 1.

585 3002 628 3043 2.
661 3002 704 3044 8.
835 3000 871 3054 1)
907 3001 1141 3044 Seviriani
1169 3003 1206 3042 F
1241 3004 1291 3051 13
1325 3001 1568 3043 severiani
1599 3001 1654 3042 G.
1686 3002 1711 3042 1
1742 3003 1784 3055 2,
1824 3012 1939 3043 corr.
1972 3001 2187 3044 Severini
2215 3003 2240 3042 1
2275 3003 2314 3041 1.
2445 2998 2509 3052 m)
2537 3000 2822 3040 abstinentia

581 3062 619 3100 F
652 3062 694 3102 1.
729 3059 784 3102 G.
821 3062 859 3103 1.
892 3061 934 3101 2.
972 3082 1024 3091 -
1055 3061 1348 3102 sanctitatem
1378 3060 1418 3101 A
1451 3062 1501 3110 2;
1533 3061 1768 3102 sanctitati
1796 3062 1834 3101 1³·
1868 3063 1908 3103 1.
2029 3057 2079 3112 n)
2111 3062 2261 3101 isdem
2292 3060 2332 3101 A
2366 3057 2428 3100 ’2.
2461 3059 2496 3100 0
2528 3055 2590 3099 ⁶1.
2626 3059 2649 3099 1
2700 3058 2743 3097 D
2778 3059 2820 3099 1.

583 3119 607 3158 1
642 3121 680 3163 1.
728 3118 781 3160 0.
829 3119 989 3169 Neap.;
1037 3120 1212 3159 eisdem
1256 3121 1311 3161 B.
1360 3121 1397 3158 F
1429 3116 1491 3162 ⁸2.
1527 3120 1570 3161 4.
1614 3118 1656 3160 G
1687 3120 1729 3162 5.
1762 3120 1785 3160 1
1818 3120 1869 3170 83
1916 3120 2125 3161 eiusdem
2169 3121 2209 3160 E
2241 3120 2283 3160 1.
2321 3119 2359 3158 1³·
2392 3120 2434 3159 1.
2467 3118 2507 3160 2.
2554 3116 2596 3158 G
2627 3119 2674 3161 1.
2703 3117 2745 3158 8.
2777 3118 2820 3158 4.

585 3175 631 3227 o)
661 3177 886 3227 Neapolis
916 3179 970 3219 Β.
1003 3178 1062 3217 D.
1096 3176 1138 3218 G
1168 3177 1211 3219 5.
1245 3178 1268 3217 1
1299 3178 1341 3220 8.
1473 3176 1521 3228 p)
1558 3178 1689 3218 euius
1735 3176 1778 3217 A
1809 3178 1868 3218 8?
1897 3179 1937 3219 Β
1971 3180 2012 3220 1.
2135 3176 2184 3229 q)
2218 3177 2344 3230 Gysa
2376 3176 2417 3217 G
2447 3177 2499 3226 ις
2534 3174 2658 3228 Gyso
2691 3174 2732 3215 A
2764 3175 2820 3224 83

587 3235 699 3276 Giso
731 3235 783 3277 0.
814 3236 952 3286 Neap.
1072 3233 1114 3287 r)
1145 3237 1337 3277 verbum
1368 3234 1426 3290 (Ρ)
1458 3248 1573 3277 corr.
1606 3236 1760 3277 verbis
1790 3238 1827 3277 F
1860 3239 1904 3279 1.
1940 3236 1981 3277 G
2014 3238 2052 3280 1.

588 3370 645 3439 1)
694 3371 877 3424 Totum
921 3390 1039 3440 cap.
1081 3390 1145 3425 eat
1190 3372 1332 3442 Oriq.
1384 3381 1629 3425 sumtum.
1790 3375 1844 3441 2)
1886 3372 1967 3440 (ff.
2021 3372 2462 3459 Ofiqwmfflcum
2512 3373 2844 3444 faulufiefi‘k„

415 3474 490 3536 ..ρ’
533 3431 544 3532 ι
560 3445 856 3518 ΒΗΜΛ-,πῄ
893 3445 1305 3519 quae-insita⁴
1320 3444 1821 3515 SeverinirfflQ.
1894 3447 1984 3498 Ex
2022 3447 2122 3499 bae
2172 3455 2329 3499 etiam
2361 3445 2555 3499 nomen
2592 3446 2824 3498 Felethei

416 3527 424 3543 “
584 3519 787 3581 sumsit,
826 3536 869 3570 e.
910 3519 962 3572 8.
1110 3516 1168 3586 3)
1206 3520 1541 3588 Effem‘nyen,
1587 3521 1662 3572 ad
1706 3521 1919 3572 radices
1965 3519 2155 3571 montis
2193 3519 2509 3587 Kalenbem,
2559 3525 2748 3586 quarto
2788 3536 2823 3570 a

597 3591 911 3643 Vindobona
963 3592 1160 3658 lapide,
1215 3594 1309 3644 ubi
1355 3593 1580 3661 vestiqia
1634 3592 1943 3645 monasterii
1996 3592 2199 3643 Lazius
2257 3592 2433 3644 adhue
2481 3592 2634 3645 vidit.
2710 3592 2823 3645 BE.

586 3662 646 3731 4)
686 3662 745 3717 S.
785 3662 1027 3717 Severini
1077 3666 1392 3718 Noricorum
1432 3666 1656 3733 apostoli
1706 3683 1896 3733 eorpus
1946 3683 2087 3717 amno
2136 3673 2280 3719 sexto
2319 3665 2660 3733 depositionis
2698 3666 2824 3733 ejus,

586 3742 645 3788 ut
683 3737 759 3789 ait
795 3737 1115 3805 Euqippius,
1153 3737 1503 3807 miqramtibus
1541 3738 1599 3790 in
1639 3739 1859 3792 Italiam
1896 3738 2152 3790 Romanis
2190 3756 2226 3790 a
2262 3738 2537 3806 Buqorum
2583 3739 2828 3792 servitute

586 3807 839 3870 liberatis,
882 3812 1121 3875 primum
1175 3812 1233 3861 in
1272 3812 1503 3864 Mentem
1561 3811 1856 3875 Pei-etrum,
1913 3811 2038 3864 inde
2093 3827 2215 3863 vero
2277 3813 2588 3865 auctoritate
2628 3811 2831 3865 Gelasii

580 3881 867 3948 pontificis,
923 3890 1129 3947 petente
1178 3884 1377 3935 illustri
1410 3885 1660 3950 foemina
1717 3884 1995 3937 Barbaria
2049 3883 2109 3935 in
2164 3892 2396 3936 eastrwm
2449 3884 2824 3947 Lvoeullanum,

591 3962 640 4007 et
678 3960 944 4020 postremo
994 3954 1367 4017 infestantibus
1422 3955 1750 4024 Campaniae
1800 3957 1960 4009 litora
1999 3955 2288 4009 Saracenis
2344 3974 2484 4009 anno
2538 3955 2660 4009 chr.
2700 3957 2824 4006 910.

596 4026 879 4093 Neapolim
916 4028 1251 4092 translatum,
1292 4035 1339 4080 et
1373 4028 1433 4080 in
1469 4030 1659 4081 celebri
1706 4030 2021 4082 monasterio
2060 4028 2119 4082 S.
2159 4029 2403 4083 Severini
2429 4044 2534 4095 per
2570 4030 2828 4080 Ioannem

598 4099 837 4153 abbatem
885 4100 1102 4151 solemni
1135 4117 1340 4167 pompa
1391 4102 1662 4154 conditum
1676 4139 1691 4167 ‚
1746 4103 1843 4154 ubi
1892 4110 1941 4156 et
1989 4102 2165 4154 adhue
2220 4102 2458 4169 reliqiose
2503 4105 2827 4153 asservatur.

599 4172 733 4223 Aeta
768 4170 872 4224 SS.
911 4172 1165 4225 Bolland.
1243 4175 1336 4226 ΒῙ.
1412 4174 1565 4228 Haeo
1605 4184 1680 4228 est
1728 4192 1912 4239 eausa,
1963 4174 2105 4242 quod
2148 4172 2208 4224 in
2266 4172 2532 4225 codicibus
2567 4181 2827 4225 monaste·

591 4243 794 4296 riorum
829 4244 1099 4312 inferioris
1137 4245 1349 4311 Italiae,
1389 4248 1482 4314 qui
1498 4248 1637 4300 Acta
1671 4250 1934 4300 continent
1970 4255 2288 4308 sanctorum,
2328 4244 2542 4311 saepius
2594 4246 2714 4297 Vita
2749 4246 2833 4298 in-

593 4317 802 4369 venitur
838 4317 1081 4371 Severini
1092 4337 1112 4381 ‚·
1150 4337 1199 4373 v.
1238 4321 1398 4374 Arata.
1450 4320 1510 4385 V,
1542 4338 1603 4387 p.
1646 4322 1715 4372 47
1738 4338 1755 4381 ‚-
1795 4320 1929 4385 XII,
1958 4337 2021 4385 p.
2061 4318 2190 4373 380.
2230 4317 2351 4372 518.
2395 4320 2519 4372 527.
2561 4320 2683 4372 531.
