3042 4909
595 356 815 410 PAULI
854 357 1202 410 HISTORIA
1240 357 1913 414 LANGOBARDORUM.
1991 364 2135 416 LIB.
2175 366 2238 417 V.
2457 367 2559 417 199

319 527 533 592 statim
592 534 739 612 post
792 547 858 590 se
915 545 1207 590 reversus
1272 533 1385 607 est,
1451 528 1711 593 veniens
1760 551 1839 594 ue
1904 528 1986 594 ad
2048 529 2216 615 litus,
2275 534 2558 598 invenire

316 630 655 698 personam
698 629 828 672 non
919 608 1150 690 otuit⁸,
1197 630 1361 693 quae
1377 610 1404 652 ¹³
1460 611 1519 674 ei
1566 611 1645 677 de
1753 610 2047 678 rimualdi
2105 624 2307 681 morte
2350 617 2558 682 nunti-

316 695 479 777 avit3
560 691 732 757 unde
795 713 868 756 ar
912 693 1138 757 itratus
1201 702 1323 774 est,
1388 715 1519 757 non
1582 694 1754 760 hunc
1816 695 2173 781 hominem,
2242 699 2356 764 sed
2399 699 2557 765 divi-

314 799 468 843 num
509 776 803 841 nuntium
845 775 1061 839 fuisse.
1146 773 1533 862 Exindeque
1551 789 1575 820 ⁰
1618 779 1702 844 ad
1741 781 2014 865 patriam
2073 782 2362 866 tendens,
2410 804 2557 847 cum

319 860 403 925 ad
448 858 724 925 claustra
765 858 987 923 Italiae
1031 858 1328 942 venisset,
1375 860 1503 924 iam
1533 861 1625 925 ibi
1670 865 1885 928 omnia
1929 865 2238 952 obsequia
2277 864 2559 951 palatina

315 965 571 1010 omnem
618 943 737 1007 ue<l
778 943 1024 1027 regiam
1068 941 1444 1028 dignitatem
1504 967 1651 1010 cum
1706 969 1941 1034 magna
1980 947 2555 1034 Langobardorum

313 1027 569 1093 multitu
619 1028 632 1043 '
684 1050 719 1092 e
735 1038 760 1069 θ
818 1035 1282 1112 praeparatam,
1344 1050 1411 1092 se
1428 1028 1450 1070 f
1505 1050 1620 1116 rep
1671 1032 1790 1096 erit
1843 1033 2169 1118 expectari
2186 1045 2233 1094 8.
2329 1035 2556 1121 Itaque

312 1112 613 1179 Ticinum
655 1130 968 1192 reversus,
1013 1110 1348 1175 exturbato
1394 1110 1637 1177 Gariba
1663 1112 1745 1179 do
1763 1115 1791 1158 ¹¹
1832 1114 2098 1201 puerulo
2128 1137 2169 1180 a
2208 1139 2426 1215 regno,
2471 1116 2553 1183 ab

309 1195 622 1261 universis
674 1191 1118 1279 Langobardis
1167 1216 1385 1259 mense
1440 1197 1626 1261 tertio
1681 1207 1825 1283 post
1877 1209 2148 1264 mortem
2194 1198 2552 1265 Grimualdi

310 1281 379 1344 in
419 1299 689 1377 regnum
730 1275 977 1342 levatus
1015 1287 1130 1343 est.
1215 1277 1376 1342 Erat
1413 1288 1631 1345 autem
1661 1283 1763 1344 vir
1803 1282 1968 1367 pius,
2012 1282 2139 1347 fide
2185 1282 2550 1366 catholicus,
2570 1308 2672 1348 ⁶72.

310 1362 588 1428 iustitiae
616 1370 811 1426 tenax
852 1382 1338 1448 pauperumque
1380 1360 1475 1426 lar
1519 1363 1775 1429 issimus
1805 1365 2091 1431 nutritor.
2167 1366 2297 1449 Qui
2339 1369 2551 1434 statim

309 1447 748 1512 Beneventum
812 1444 987 1509 misit
1039 1443 1430 1532 exindeque¹
1534 1444 1940 1512 odelindarnk
1985 1471 2165 1514 suam
2210 1451 2552 1537 coniugem

312 1542 376 1596 et
419 1529 668 1595 Ouninc
717 1527 954 1593 ertum¹
995 1525 1196 1591 filium
1241 1551 1429 1593 suum
1446 1541 1487 1571 ¹¹¹
1530 1532 1871 1597 revocavit.

477 1613 613 1677 *34.
722 1612 828 1676 uir·
872 1621 944 1676 ut
984 1611 1166 1698 regni
1207 1612 1349 1676 iura
1378 1615 1677 1699 suscepit,
1723 1617 1791 1680 in
1832 1614 1976 1681 loco
2021 1614 2127 1680 illo
2158 1617 2270 1704 qui
2305 1638 2345 1680 a
2371 1625 2551 1702 parte
2578 1636 2651 1690 ⁶1».
2687 1637 2785 1684 ise.

308 1696 590 1762 fluminis
636 1694 847 1759 Ticini
905 1704 1001 1760 est
1015 1707 1059 1777 ⁰,
1125 1695 1296 1760 unde
1352 1696 1489 1795 ipse
1549 1696 1698 1761 olim
1749 1698 2025 1785 fugerat,
2098 1701 2549 1765 monasterium

312 1779 485 1868 quod
519 1779 773 1845 Novum
816 1777 1174 1865 appellatur
1202 1779 1530 1843 Dommov
1561 1790 1624 1846 et
1664 1781 1988 1848 liberatori
2018 1805 2134 1848 suo
2163 1785 2232 1847 in
2271 1784 2551 1850 honoreq

309 1873 564 1929 sanctae
606 1863 876 1949 virginis
921 1871 984 1926 et
1026 1863 1359 1948 martyris?
1401 1862 1694 1950 Agathae
1710 1876 1730 1908 ⁵
1779 1868 2137 1932 construxit
2156 1879 2196 1932 ¹.
2300 1867 2378 1931 In
2424 1890 2550 1953 quo

308 1946 540 2013 multas
598 1947 879 2032 virgines
922 1945 1305 2032 adgregavit
1330 1946 1649 2033 rebusque
1682 1958 1745 2013 et
1762 1954 1781 1991 ²
1828 1949 2100 2015 diversis
2129 1951 2371 2036 pariter
2401 1973 2552 2016 eun-

308 2032 452 2098 dem
481 2031 696 2096 locum
739 2030 1124 2095 ornamentis
1168 2029 1413 2096 ditavit.
1499 2032 1751 2116 Regina
1793 2045 1989 2098 verou
2020 2034 2157 2099 eius
2192 2032 2554 2100 Rodelinda

305 2114 638 2181 basilicam
680 2123 964 2178 sanctaev
1010 2112 1140 2178 Dei
1182 2114 1509 2199 genitricis
1561 2124 1742 2178 extra
1797 2138 2014 2181 muros
2073 2115 2357 2182 eiusdem
2402 2118 2552 2182 civi-

307 2199 455 2264 tatis
496 2199 878 2279 Ticinensis,
933 2218 1096 2296 quae
1139 2195 1246 2261 Ad
1278 2197 1560 2296 perticas
1604 2196 1979 2284 appellatur,
2040 2221 2232 2285 opere
2276 2199 2552 2265 mirabili

310 2281 594 2348 condidit
615 2290 1130 2379 ornamentisque
1152 2279 1436 2345 mirificis
1460 2280 1807 2346 decoravit.
1865 2281 1972 2346 Ad
1993 2285 2270 2368 perticas
2293 2293 2551 2349 autemw

307 2365 489 2430 locus
532 2366 699 2452 ipse¹
741 2365 887 2430 ideo
931 2364 1183 2446 dicitur,
1229 2365 1379 2450 quia
1407 2364 1499 2429 ibi
1544 2363 1695 2428 olim
1737 2366 2037 2451 perticae,
2081 2365 2149 2430 id
2178 2374 2275 2430 est
2317 2367 2551 2449 trabes,

309 2459 557 2516 erectae
600 2457 919 2529 steterant,
1007 2468 1128 2512 uae
1160 2446 1241 2512 ob
1274 2445 1437 2511 hanc
1483 2468 1746 2512 causam
1788 2449 1970 2513 iuxta
2013 2471 2256 2515 morem
2299 2450 2551 2536 Lango-

308 2532 658 2600 bardorum
758 2532 864 2598 oni
908 2470 1221 2596 solebant:
1272 2532 1326 2595 si
1344 2543 1375 2585 Y
1430 2531 1574 2616 quis
1618 2532 1789 2596 enim
1831 2531 1898 2595 in
1939 2530 2220 2632 aliquam
2235 2545 2257 2576 ¹
2303 2541 2550 2620 partem

306 2625 416 2682 aut
470 2618 539 2680 in
592 2615 676 2681 be
724 2637 761 2681 o
813 2624 927 2679 aut
970 2614 1573 2703 quomodocumque
1617 2615 1936 2680 extinctus
1984 2615 2241 2699 fuisset,
2286 2638 2551 2681 consan-

310 2701 527 2787 guinei
570 2701 707 2764 eius
750 2700 918 2763 intra
962 2696 1340 2786 sepulchraa
1384 2719 1501 2762 sua
1543 2700 1854 2784 perticam
1897 2699 2200 2849 figebant,
2252 2699 2320 2764 in
2364 2701 2550 2766 cuius

310 2785 671 2849 summitate
733 2782 1093 2848 columbam
1148 2804 1232 2847 ex
1273 2780 1317 2845 li
1413 2803 1449 2846 o
1499 2782 1736 2848 factam
1778 2805 1948 2868 pone
1995 2793 2123 2866 ant,
2186 2805 2353 2871 quae
2397 2782 2548 2850 illuc

311 2888 497 2934 versa
541 2868 767 2948 essetb,
812 2865 967 2932 ubic
1008 2865 1263 2930 illorum
1351 2863 1577 2931 ilectus
1638 2866 1908 2949 obisset,
1969 2865 2212 2933 scilicet
2268 2877 2342 2933 ut
2397 2868 2549 2933 sciri

305 2952 509 3038 possit
521 2951 569 3033 (ἱ,
611 2952 680 3014 in
724 2961 959 3048 quam0
1002 2959 1250 3036 partem
1277 2949 1376 3014 his
1407 2950 1516 3035 qui
1559 2949 1896 3017 defunctus
1924 2950 2132 3016 fuerat
2172 2953 2551 3037 quiesceret.

476 3035 575 3100 35.
647 3035 857 3118 Igitur
870 3034 1201 3116 Perctarit,
1222 3055 1371 3098 cum
1394 3031 1564 3098 solus
1579 3056 1696 3120 per
1716 3056 1913 3099 annos
1938 3043 2181 3121 septem
2202 3045 2552 3121 regnasset,

309 3195 357 3250 a)
388 3200 568 3248 poterat
597 3196 639 3236 A
669 3193 732 3236 ⁸8.
880 3191 928 3244 b)
960 3195 1039 3244 qui
1067 3195 1121 3235 F.
1155 3194 1211 3238 G.
1363 3191 1405 3247 c)
1440 3206 1529 3243 que
1575 3196 1689 3236 deest
1735 3196 1776 3237 A
1811 3199 1851 3240 2.
2004 3196 2052 3250 d)
2087 3208 2318 3248 omneque
2351 3197 2394 3238 G
2426 3200 2468 3241 1.
2504 3198 2547 3239 2.

310 3254 354 3307 e)
389 3256 733 3296 multitudinem
779 3253 814 3296 Ο
848 3256 888 3299 1.
922 3255 961 3296 2.
995 3253 1035 3295 G
1068 3255 1108 3296 8.
1142 3254 1182 3293 4.
1332 3252 1366 3305 f)
1402 3264 1501 3295 esse
1551 3252 1601 3295 C.
1633 3254 1675 3294 Η
1707 3255 1778 3296 59..
1822 3257 1846 3296 1
1880 3256 1920 3297 1.
1957 3257 2014 3305 23
2060 3267 2231 3296 erasum
2261 3257 2304 3296 D
2340 3258 2388 3307 13
2436 3257 2550 3297 deest

307 3316 350 3356 D
386 3316 455 3355 la.
492 3315 532 3354 8.
564 3311 654 3356 Ἔα..
689 3314 731 3355 8.
765 3315 804 3353 4.
838 3313 936 3354 Fe.
968 3313 1071 3354 111.
1164 3310 1209 3363 g)
1242 3316 1486 3363 expectare
1517 3311 1560 3351 A
1593 3313 1632 3353 Β.
1664 3314 1707 3353 D
1741 3314 1785 3365 (1
1819 3326 1840 3353 e
1869 3312 2031 3365 corr.);
2080 3315 2312 3365 exportari
2343 3315 2381 3354 F
2414 3316 2456 3355 1.
2493 3315 2549 3363 43

306 3373 508 3425 perctari
555 3373 596 3413 G
625 3373 680 3423 83
728 3383 765 3413 r.
796 3372 978 3412 Exinde
1010 3370 1305 3424 Peretarmh)
1339 3370 1555 3410 Ticinum
1601 3371 1651 3412 C.
1703 3372 1725 3411 1
1758 3374 1809 3421 13
1855 3372 2039 3412 Exinde
2087 3373 2244 3421 itaque
2274 3372 2548 3413 Ber-tarmus

306 3433 406 3473 Tic.
440 3432 502 3472 ed.
536 3431 663 3472 Lina.
695 3435 786 3472 cett.
907 3428 955 3481 h)
991 3428 1260 3470 Grimbaldo
1291 3429 1329 3469 F
1363 3430 1412 3478 ις
1444 3429 1717 3469 exturbaldo
1749 3442 1794 3480 p.
1829 3429 1926 3471 Ga.
1962 3452 2014 3462 —
2046 3441 2191 3481 puero
2224 3427 2338 3471 c·1.
2374 3433 2414 3471 1.
2452 3429 2548 3473 Gl.

304 3489 339 3542 i)
374 3500 463 3541 que
494 3490 604 3530 deese
633 3490 683 3531 F.
721 3489 776 3532 G.
809 3489 867 3531 Η.
900 3489 924 3528 1
958 3489 1011 3539 23
1053 3492 1099 3529 et
1129 3488 1299 3529 exinde
1330 3498 1351 3527 e
1380 3498 1495 3528 corr.
1533 3486 1573 3528 G
1607 3489 1646 3538 2,
1678 3493 1716 3527 et
1745 3489 1807 3528 ita
1845 3487 1886 3530 G
1917 3488 1958 3530 5.
2078 3486 2128 3540 k)
2158 3489 2321 3530 Rodol.
2355 3487 2396 3529 G
2427 3491 2470 3531 1.
2507 3490 2546 3530 2.

308 3571 361 3580 -
392 3558 524 3589 suam
554 3549 665 3588 deest
696 3549 746 3588 F.
781 3547 822 3589 G
854 3548 892 3589 2.
926 3548 967 3588 8.
1087 3545 1122 3598 1)
1154 3548 1217 3586 ita
1248 3546 1289 3586 A
1323 3544 1378 3586 1?
1408 3546 1445 3586 F
1481 3547 1530 3595 13
1563 3543 1864 3587 Ounibertum
1894 3547 1935 3587 D
1969 3546 2020 3596 83
2064 3546 2396 3587 chunibertum
2426 3548 2469 3587 D
2504 3548 2545 3589 2.

305 3605 371 3660 m)
403 3609 513 3648 deest
541 3607 582 3647 A
619 3609 657 3647 2.
692 3603 754 3648 ’8.
875 3604 925 3658 n)
960 3606 1060 3654 Que
1103 3606 1140 3645 Ρ
1174 3607 1215 3646 1.
1338 3602 1383 3656 o)
1416 3605 1528 3644 deese
1560 3603 1600 3645 G
1633 3605 1672 3647 1.
1706 3605 1746 3646 2.
1869 3605 1916 3657 p)
1945 3604 2057 3645 deest
2089 3604 2129 3646 G
2161 3605 2203 3646 8.
2325 3603 2372 3657 q)
2404 3605 2547 3646 hono-

306 3676 404 3707 rem
433 3664 475 3707 A
507 3666 547 3706 8.
579 3666 620 3707 5.
656 3665 691 3707 C
725 3666 764 3706 1.
795 3665 833 3705 F
868 3666 909 3707 1.
943 3663 984 3706 G
1018 3666 1056 3705 1.
1092 3664 1134 3705 8.
1167 3665 1210 3704 4.
1232 3664 1422 3703 —in—
1443 3663 1698 3703 construxit
1728 3664 1816 3703 des.
1850 3663 1891 3703 A
1921 3664 1965 3704 4.
2088 3661 2128 3715 r)
2163 3667 2395 3715 martyrae
2427 3663 2470 3705 A
2504 3665 2544 3706 1.

305 3726 340 3767 Ο
372 3720 441 3774 '13
476 3724 652 3765 Mariae
685 3723 788 3774 013
820 3723 940 3771 virg.
971 3724 1148 3764 Mariae
1180 3725 1226 3763 et
1257 3732 1316 3763 m.
1348 3720 1404 3763 A.
1439 3720 1478 3764 G
1498 3722 1566 3762 5ο.
1657 3720 1697 3774 s)
1730 3720 1922 3771 Agathis
1953 3717 2072 3764 A'8.
2165 3719 2199 3774 t)
2232 3723 2344 3764 deest
2374 3723 2424 3765 Ο.
2457 3723 2479 3763 1
2503 3725 2544 3763 1.

304 3781 353 3835 u)
388 3794 504 3824 uxor
527 3788 629 3833 poet
660 3782 758 3825 aad.
788 3782 826 3822 F
861 3783 900 3822 1.
1021 3780 1067 3833 v)
1101 3783 1210 3822 deest
1243 3779 1301 3822 G.
1422 3776 1484 3830 w)
1516 3781 1628 3820 deest
1661 3779 1701 3820 G
1733 3781 1775 3822 8.
1895 3778 1945 3832 x)
1977 3780 2063 3821 iste
2094 3781 2131 3821 F
2167 3783 2204 3822 1.
2325 3779 2373 3834 y)
2407 3779 2458 3822 Si
2494 3802 2544 3812 -

304 3842 539 3893 ponebant
569 3842 617 3881 in
646 3852 781 3891 maro.
806 3844 908 3890 pose
937 3841 1077 3891 suppl.
1109 3841 1146 3880 F
1179 3841 1218 3892 1,
1250 3839 1336 3880 des.
1368 3840 1404 3879 F
1438 3838 1479 3879 5.
1614 3836 1657 3890 2)
1691 3840 1850 3889 aliqua
1881 3842 2011 3890 parte
2042 3840 2085 3879 D
2119 3839 2163 3881 8.
2195 3840 2232 3879 Ρ
2266 3841 2290 3879 1
2324 3840 2371 3880 in
2401 3839 2544 3889 suppl.

305 3896 351 3952 a)
385 3900 680 3950 sepulchrum
724 3901 765 3941 A
800 3900 846 3949 ις
893 3901 1176 3949 sepulturam
1207 3908 1340 3939 suam
1375 3897 1415 3939 G
1447 3897 1488 3940 5.
1639 3895 1686 3948 b)
1720 3908 1821 3939 esse
1865 3899 1901 3938 F
1937 3900 1977 3938 1.
2128 3896 2169 3949 c)
2203 3897 2284 3938 ubi
2319 3919 2371 3930 —
2401 3898 2549 3948 possit

300 3959 388 3999 du.
420 3959 462 3999 D
497 3961 565 4000 la.
660 3956 705 4009 d)
739 3960 896 4009 posset
923 3959 961 3998 B
999 3960 1067 4002 la.
1100 3957 1288 4001 Ga—e.
1320 3958 1342 3997 l
1362 3959 1401 3999 1.
1438 3957 1477 4009 2,
1509 3955 1612 4008 αὶίὶς
1642 3960 1830 4007 possent
1858 3953 1973 3998 12⁰2.
2078 3954 2123 4009 e)
2157 3966 2248 4006 qna
2277 3959 2408 4006 parte
2438 3957 2481 3996 D
2503 3955 2547 3997 8.

309 4090 363 4154 1)
412 4087 766 4142 Rcinensium
802 4105 979 4142 rerum
1016 4088 1292 4154 scriptores
1331 4087 1394 4140 ob
1434 4104 1551 4140 eam
1590 4105 1808 4140 causam
1852 4104 1893 4140 s.
1932 4084 2130 4154 virqini
2168 4083 2414 4154 Agathae
2452 4101 2543 4136 sa-

305 4179 451 4214 crum
488 4163 583 4215 hoc
622 4163 866 4229 templum
904 4180 938 4213 a
979 4161 1267 4213 Ber-larido
1316 4168 1668 4212 constructum
1701 4162 1912 4226 ferunt,
1963 4159 2105 4225 quod
2141 4163 2286 4209 nocte
2317 4174 2543 4224 praece·

303 4234 457 4288 dente
479 4236 683 4301 festum
725 4235 954 4304 ejusdem
992 4250 1035 4287 s.
1083 4231 1304 4303 virginis
1353 4250 1449 4300 per
1498 4233 1725 4286 civitatis
1776 4230 1982 4285 moenia
2030 4249 2056 4284 e
2120 4228 2331 4299 reqione
2372 4228 2543 4282 amnis

303 4306 560 4361 demissus
602 4306 899 4360 Grimoaldi
923 4310 1172 4374 furorem
1210 4306 1571 4360 declinaverit.
1652 4306 1745 4357 131.
