3042 4909
544 432 766 485 PAULI
804 435 1151 488 HISTORIA
1188 437 1862 491 LANGOBARDORUM.
1938 439 2083 492 LIB.
2122 442 2218 494 IV.
2422 444 2524 496 167

343 600 722 665 ossiderunt.
826 601 1016 667 Unde
1061 625 1267 690 usque
1309 603 1432 670 ad¹¹
1489 614 1780 691 tempora
1821 604 2084 671 Ratchis
2129 606 2310 672 ducis
2352 608 2524 674 idem

347 683 508 749 clavi
523 685 552 728 1’
592 685 966 771 pensionem
984 698 1010 730 ⁰
1060 686 1461 753 Foroiulanis
1512 688 1786 754 ducibus
1838 688 2295 775 persolverunt.
2382 692 2522 758 Hos

292 767 453 832 duos
495 767 720 834 fratres
766 767 897 834 Gre
946 770 1118 834 orius
1159 772 1466 857 patricius
1509 772 1943 837 Romanorum
1984 774 2051 836 in
2081 774 2337 840 civitate
2369 775 2522 862 Opi-

290 852 495 1001 tergio
511 852 556 894 ‘¹-
575 863 593 898 ¹
642 849 860 916 dolosa
952 852 1118 918 aude
1161 855 1450 940 peremit.
1534 856 1701 920 Nam
1745 856 2119 943 promittens
2150 858 2407 939 Tasoni,
2451 869 2523 925 ut

291 935 350 1000 ei
452 933 693 1018 arbam,
753 935 921 1000 sicut
975 937 1167 1002 moris
1229 947 1343 1018 est,
1401 938 1751 1005 incideret⁰
1796 962 2068 1027 eumque
2112 941 2278 1006 sibif
2318 941 2519 1008 filium

282 1018 522 1084 faceret
540 1030 584 1101 ²,
647 1020 785 1104 ipse
832 1020 999 1084 Taso
1067 1042 1215 1085 cum
1260 1021 1603 1088 Cacconess
1667 1045 1973 1170 ffimano
2024 1046 2141 1089 suo
2192 1034 2255 1090 et
2305 1023 2519 1092 electis

286 1100 627 1168 iuvenibus
692 1102 776 1166 ad
842 1103 1115 1168 eundem
1169 1103 1554 1191 Gregorium
1610 1107 1676 1169 ni
1726 1107 1739 1122 ⁶
1831 1106 1982 1172 mali
2010 1104 2355 1174 ‘metuensh
2411 1110 2519 1174 ad·
2593 1126 2605 1138 ·

281 1186 475 1250 venit.
562 1185 693 1266 Qui
733 1207 887 1250 mox
930 1208 1077 1251 cum
1122 1187 1556 1274 Opitergiumi
1617 1211 1766 1254 cum
1795 1191 1928 1255 suis
1971 1201 2139 1257 esset
2174 1192 2519 1279 ingressae,

286 1270 499 1356 statim
542 1269 743 1333 isdem
763 1270 791 1312 ¹⁴
851 1271 1155 1356 patricius
1211 1272 1485 1337 civitatis
1536 1282 1755 1372 portas
1818 1273 2027 1338 claudi
2085 1277 2415 1362 praecepit
2457 1286 2522 1343 et

286 1360 565 1417 armatos
609 1351 878 1418 *milites
923 1376 1116 1440 super
1144 1353 1465 1420 Tasonem
1495 1378 1757 1443 elusque
1798 1360 2006 1423 socios
2049 1359 2240 1424 misit.
2328 1359 2615 1441 Quod·1›·
2651 1371 2752 1416 ¹⁸⁸·

283 1436 452 1501 Taso
498 1458 645 1501 cum
690 1436 820 1500 suis
865 1438 1256 1523 conperiens,
1309 1437 1616 1505 audacter
1658 1462 1725 1505 se
1768 1440 1853 1504 ad
1895 1440 2209 1527 proelium
2252 1464 2404 1541 prae
2453 1464 2518 1506 a·

280 1520 477 1604 ravit3
523 1518 945 1606 ultimumque
989 1519 1113 1585 sibi
1158 1522 1307 1586 data
1348 1544 1508 1650 pace
1560 1523 2016 1608 valedicentes,
2074 1547 2191 1610 per
2234 1547 2333 1589 sm
2380 1548 2423 1589 u
2447 1548 2516 1591 as

280 1603 556 1668 civitatis
596 1601 839 1689 plateas
882 1603 1003 1669 hac
1060 1603 1334 1691 illacque
1414 1606 1705 1692 dispersi,
1763 1620 2252 1693 quoscumquem
2298 1631 2333 1674 o
2381 1611 2518 1674 vios

279 1685 517 1752 habere
626 1695 871 1752 oterant
921 1688 1332 1772 trucidantes,
1391 1711 1537 1754 cum
1580 1713 1880 1776 magnam
1936 1699 2212 1777 stragem
2268 1693 2348 1757 de
2391 1693 2516 1758 Ro-

279 1772 485 1836 manis
581 1771 877 1853 ecissent,
943 1771 1028 1835 ad
1092 1782 1450 1838 extremum
1516 1774 1709 1839 etiam
1770 1774 1896 1860 ipsi
1959 1797 2181 1860 perem
2231 1776 2280 1841 ti
2347 1787 2514 1842 sunt.

279 1853 631 1939 Gregorius
648 1866 677 1896 ¹¹
720 1876 872 1921 vero
916 1856 1220 1953 patricius
1262 1865 1527 1955 propter
1553 1858 1998 1923 iusiurandum
2036 1881 2162 1946 quo
2257 1859 2519 1925 dederat

276 1946 472 2024 caput
514 1937 784 2002 Tasonis
828 1936 950 2001 sib1
993 1937 1225 2003 deferri
1266 1940 1512 2024 iubens,
1559 1942 1695 2006 eius
1739 1938 2028 2025 barbam,
2074 1943 2239 2007 sicut
2283 1944 2516 2029 promi-

280 2030 448 2087 serat
510 2021 802 2107 periurus
846 2021 1122 2088 abscidit
1142 2032 1212 2087 ³.‘

441 2070 584 2170 339³>
668 2104 790 2170 His
834 2105 924 2170 ita
965 2107 1311 2192 peremptis
1328 2119 1377 2189 1³,
1431 2106 1570 2170 dux
1622 2106 2067 2172 Foroiulanis‘l
2112 2107 2449 2174 Grasulfus
2469 2121 2493 2152 ¹·
2535 2131 2631 2188 (ιι)

276 2187 510 2255 Gisulfi
570 2210 930 2287 germanus,
982 2191 1403 2255 constituitur.
1505 2189 1795 2254 Radoald
1848 2212 1998 2255 vero
2057 2199 2120 2255 et
2179 2156 2513 2257 Grimoald

274 2272 606 2358 despectu1
648 2271 954 2337 ducentes
1002 2272 1123 2338 sub
1154 2275 1363 2359 patrui
1409 2274 1508 2336 sui
1541 2272 1822 2339 Grasulfi
1858 2282 2206 2360 potestate⁸
2254 2274 2504 2373 degere,

272 2377 424 2420 cum
453 2364 663 2420 essent
689 2355 851 2419 iam‘
939 2378 1094 2442 rope
1135 2354 1523 2421 iuvenilemu
1552 2365 1843 2440 aetatem,
1885 2371 2190 2423 ascensav
2219 2357 2513 2423 navicula

275 2440 658 2525 remigantes
736 2439 821 2503 ad
931 2441 1274 2505 eneventiw
1320 2440 1528 2504 fines¹
1570 2441 1981 2526 perveniunt3
2040 2450 2104 2505 et
2146 2440 2381 2506 exinde
2426 2441 2511 2505 ad

274 2521 528 2588 Arichis
547 2535 579 2578 Y
632 2488 1229 2589 beneventanorum
1281 2523 1511 2595 ducem
1526 2534 1570 2606 2,
1635 2545 1822 2588 suum
1887 2524 2211 2611 quondam
2324 2523 2511 2588 aeda-

323 2629 547 2693 ogum,
592 2628 708 2693 pro
759 2617 1029 2687 erantes,
1080 2607 1162 2672 ab
1218 2628 1294 2672 eo
1344 2607 1707 2692 gratissime
1751 2608 2070 2694 suscepti⁸
2126 2616 2189 2673 et
2231 2607 2275 2671 fi
2301 2609 2511 2672 iorum

269 2630 410 2755 foco
426 2692 453 2734 ¹²
509 2701 658 2756 sunt
743 2688 915 2757 abiti.
1001 2690 1122 2754 His
1142 2702 1166 2734 ⁰
1209 2691 1605 2790 temporibus
1655 2701 1905 2757 mortuo
1964 2690 2291 2756 Tassilone
2349 2691 2511 2756 duce

273 2774 721 2839 Baiuariorum
739 2774 788 2855 ¹¹,
832 2773 1002 2838 filius
1046 2774 1183 2839 eius
1216 2773 1644 2839 Ganbaldus⁰
1688 2775 1755 2839 in
1782 2773 2092 2861 Aguntof·
2114 2777 2158 2843 ⁴.
2182 2797 2222 2839 a
2265 2773 2512 2841 Sclavis

275 2857 563 2924 devictus
594 2867 707 2939 est,
738 2866 801 2922 et
827 2858 1268 2922 Baioariorum
1298 2858 1555 2923 termini
1583 2857 2070 2945 depraedantur.
2141 2859 2509 2958 Resumptis

271 2952 485 3007 tamen
549 2941 830 3006 Baioarii
900 2940 1141 3006 viribus
1225 2951 1290 3007 et
1352 2941 1625 3027 praedas
1682 2941 1764 3007 ab
1823 2942 2115 3009 hostibus
2176 2950 2510 3008 excutlunt

271 3035 336 3091 et
375 3025 592 3091 hostes
637 3024 717 3089 de
760 3025 893 3090 suis
937 3024 1171 3090 finibus
1214 3025 1617 3113 pepulerunt.

268 3169 315 3224 a)
346 3181 371 3210 e
402 3174 610 3220 tempore
642 3168 848 3210 Ratichis
880 3169 925 3211 d.
956 3169 1134 3209 hisdem
1165 3170 1203 3209 B
1240 3171 1289 3219 13
1335 3170 1516 3219 Ratigis
1548 3171 1586 3210 B
1622 3172 1661 3212 2.
1811 3169 1860 3223 b)
1894 3171 2038 3211 clavis
2069 3172 2106 3211 F
2139 3172 2180 3212 1.
2334 3167 2376 3222 c)
2404 3180 2508 3221 pos·

270 3230 524 3271 sessionem
555 3228 594 3269 A
628 3229 668 3267 2.
757 3228 803 3278 d)
838 3226 1048 3277 opitergi
1077 3229 1115 3268 B
1153 3228 1201 3280 13
1234 3227 1486 3279 opytergio
1517 3229 1553 3268 1³¹
1575 3231 1615 3269 1.
1708 3226 1753 3279 e)
1787 3230 2002 3271 incedere
2033 3228 2147 3279 ΑΒ,
2178 3230 2440 3270 incidereF
2462 3230 2509 3272 1.

269 3286 306 3339 f)
339 3288 447 3328 deese
478 3288 528 3327 F.
563 3286 619 3328 G.
739 3285 784 3338 g)
817 3285 1025 3328 Oaccano
1057 3285 1099 3326 A
1131 3287 1173 3326 2.
1293 3285 1340 3338 h)
1375 3288 1615 3337 suspicans
1646 3287 1684 3326 B
1705 3289 1746 3329 1.
1780 3289 1821 3329 2.
1944 3286 1979 3340 i)
2011 3298 2096 3338 pro
2128 3289 2255 3330 civit.
2287 3298 2503 3338 superea.

271 3347 362 3387 alia
391 3356 526 3386 manu
558 3345 600 3388 G
630 3345 672 3386 4.
804 3342 854 3395 k)
887 3345 1063 3385 hisdem
1095 3346 1172 3385 hoc
1201 3345 1292 3384 loco
1323 3346 1450 3385 eciam
1480 3344 1519 3385 A
1554 3347 1595 3385 1.
1733 3344 1767 3397 l)
1800 3346 1973 3396 illaque
2004 3346 2047 3386 A
2081 3348 2119 3386 1.
2153 3347 2191 3387 B
2227 3348 2268 3388 1.
2302 3347 2344 3386 2.
2377 3347 2419 3386 D
2456 3347 2508 3397 ²5

270 3407 360 3446 huc
391 3404 596 3454 illucque
626 3399 754 3452 A·3;
785 3403 872 3443 hac
909 3424 959 3434 -
990 3404 1159 3444 habere
1189 3404 1275 3443 des.
1306 3404 1358 3443 F.
1393 3403 1449 3455 G,
1491 3413 1721 3452 corumque
1750 3403 1842 3443 loco
1875 3405 2054 3444 habemz
2088 3407 2138 3444 ut
2166 3405 2204 3443 F
2237 3406 2278 3445 2.
2314 3403 2355 3445 G
2390 3404 2506 3444 1-4

270 3465 340 3518 (ut
368 3468 420 3504 ut
448 3474 559 3503 corr.
590 3465 641 3503 ut
670 3460 744 3513 4)3
778 3465 913 3513 prout
941 3462 979 3500 F
1010 3459 1072 3503 ’2.
1106 3463 1159 3512 43
1192 3463 1406 3512 palantes
1436 3465 1488 3503 ut
1520 3461 1562 3502 G
1593 3461 1672 3511 δοῖ
1719 3463 1930 3511 palantes
1962 3465 2099 3513 prout
2131 3461 2171 3502 G
2203 3461 2285 3511 δα,
2332 3462 2379 3502 in
2411 3462 2447 3502 F
2481 3464 2502 3502 1

264 3528 366 3574 pose
397 3522 595 3561 additur:
644 3521 730 3560 hac
776 3521 985 3569 uinaque
1031 3520 1076 3563 d.
1106 3532 1148 3569 q.
1181 3530 1223 3562 ο.
1256 3521 1301 3562 h.
1456 3518 1519 3571 m)
1554 3530 1644 3569 que
1691 3519 1801 3559 deese
1847 3520 1889 3560 A
1923 3523 1962 3562 2.
2016 3542 2067 3551 -
2113 3521 2215 3561 obv.
2245 3520 2357 3559 deese
2388 3519 2429 3560 A
2462 3519 2506 3562 8.

270 3581 321 3634 n)
357 3580 499 3629 Greg.
549 3601 602 3611 —
650 3579 846 3619 abscidit
875 3579 959 3619 des.
995 3578 1030 3619 C
1064 3579 1105 3620 2.
1154 3582 1155 3585 ’
1257 3575 1303 3630 ο)
1335 3579 1411 3618 hoe
1455 3589 1551 3628 cap.
1601 3589 1681 3618 om.
1718 3576 1757 3617 A
1790 3575 1852 3619 ·4.
2004 3577 2052 3630 p)
2084 3579 2284 3628 peractis
2314 3579 2352 3618 B
2388 3580 2429 3621 1.
2464 3578 2505 3619 2.

270 3638 317 3692 q)
350 3641 413 3679 ita
443 3638 485 3679 A
518 3640 559 3679 1.
594 3638 635 3679 8.
668 3638 711 3677 D
745 3637 795 3687 83
826 3637 1099 3677 Foroiulani
1130 3636 1165 3677 C
1199 3637 1239 3678 2.
1273 3637 1315 3676 D
1348 3638 1389 3678 2.
1422 3637 1447 3676 1
1478 3639 1529 3685 13
1560 3636 1851 3677 Foroiuliani
1882 3636 1917 3678 O
1950 3638 2004 3686 13
2049 3636 2356 3677 Foroiulanus
2387 3635 2428 3676 A
2465 3637 2503 3676 2.

267 3701 305 3741 Β
343 3701 382 3750 1,
413 3697 505 3741 alii.
655 3694 695 3747 r)
730 3695 1000 3737 Grassulfus
1046 3695 1082 3737 C
1118 3697 1139 3734 1
1188 3700 1323 3737 comt.
1474 3693 1513 3746 s)
1550 3698 1823 3745 potestatem
1856 3696 1892 3736 F
1925 3697 1966 3735 1.
2014 3693 2055 3735 G
2089 3697 2126 3735 1.
2165 3696 2214 3747 23
2260 3696 2370 3734 deese
2400 3695 2438 3734 B
2475 3696 2499 3735 1

265 3758 407 3808 spatio
438 3766 575 3796 vacuo
619 3754 785 3805 νοιίοιος
832 3755 1027 3805 imperio
1071 3755 1109 3794 B
1143 3754 1183 3793 2.
1333 3752 1370 3807 t)
1401 3757 1525 3794 esset
1572 3755 1712 3794 etiam
1742 3753 1784 3794 A
1816 3756 1855 3795 2.
2004 3751 2054 3806 u)
2071 3754 2349 3795 ‘iuvenalem
2393 3752 2435 3794 G
2466 3752 2511 3795 8.

267 3814 315 3869 v)
347 3825 586 3856 ascensam
617 3813 654 3853 Ρ
689 3816 727 3853 1.
848 3811 910 3864 w)
942 3814 1214 3854 Beneventu
1243 3812 1341 3853 1³⁸1.
1458 3810 1506 3863 x)
1545 3812 1576 3855 f.
1608 3823 1754 3862 usque
1787 3811 1885 3854 02.
2004 3810 2051 3863 y)
2086 3813 2254 3853 Rachia
2286 3812 2320 3854 O
2343 3815 2381 3853 1.
2403 3812 2443 3855 2.
2464 3811 2506 3854 6.

268 3876 311 3916 D
345 3875 385 3917 2.
416 3870 509 3914 ‘8112
558 3873 580 3912 1
616 3875 637 3912 1
688 3871 920 3925 (super-scr.
968 3872 1043 3911 vel
1088 3869 1298 3922 Archis);
1345 3871 1567 3912 Radichis
1614 3871 1649 3913 Ο
1682 3869 1742 3915 ’1.
1789 3873 1831 3912 D
1866 3873 1906 3915 1.
2056 3868 2098 3921 z)
2133 3872 2249 3912 duce
2299 3871 2340 3910 A
2375 3874 2412 3911 1.
2453 3871 2505 3921 83

270 3935 407 3974 duces
438 3933 476 3972 Ε
512 3932 551 3971 1.
687 3928 732 3981 a)
765 3940 801 3972 s.
836 3933 944 3971 sunt
974 3929 1015 3970 G
1047 3930 1086 3969 2.
1233 3930 1281 3985 b)
1315 3942 1350 3972 s.
1384 3931 1414 3970 1.
1447 3930 1491 3972 h.
1526 3930 1567 3971 A
1599 3927 1661 3971 ’8.
1815 3928 1856 3981 c)
1889 3940 2048 3971 novum
2078 3941 2174 3980 cap.
2208 3929 2358 3978 incipit
2390 3930 2428 3968 E
2464 3929 2505 3970 1.

271 3990 318 4043 d)
351 3991 413 4030 ita
444 3989 486 4030 A
518 3991 562 4029 1.
597 3987 639 4028 G
671 3990 720 4039 23
765 3990 838 4029 sed
867 4000 964 4029 mox
1006 3999 1099 4028 cum
1129 3990 1275 4029 ceteris
1304 3989 1490 4031 Βαίου.
1630 3987 1674 4041 e)
1710 3988 1955 4031 Garialdus
1989 3988 2030 4029 G
2063 3988 2102 4030 8.
2251 3984 2293 4039 f)
2322 3986 2378 4028 G.
2410 3987 2506 4027 Ma-

271 4054 414 4100 gunto
444 4047 486 4088 A
519 4048 562 4090 8.
593 4048 631 4087 B
668 4049 746 4096 1⁸3
777 4049 828 4087 in
858 4048 1064 4096 Sagunto
1098 4047 1135 4087 A
1170 4049 1211 4088 2.

274 4165 329 4233 1)
375 4164 593 4218 Oderzo.
782 4163 842 4234 2)
885 4164 962 4234 CJ.
1004 4165 1204 4219 Grimm
1258 4167 1325 4219 R.
1382 4166 1448 4219 A.
1478 4185 1542 4234 p.
1585 4169 1705 4232 146,
1770 4167 1865 4234 qui
1913 4165 2023 4232 ejus
2080 4164 2160 4217 rei
2197 4164 2291 4216 hoc
2332 4180 2503 4215 unum

269 4237 617 4292 testimonium
673 4237 841 4292 habet.
992 4237 1052 4306 3)
1096 4241 1221 4293 Rem
1276 4239 1433 4293 aliter
1484 4247 1677 4292 narrat
1733 4238 2094 4309 Fredeyarius
2150 4237 2207 4288 in
2258 4238 2503 4289 chronico

271 4330 315 4364 c.
358 4312 444 4365 49.
487 4311 561 4363 ad
593 4327 796 4362 annum
834 4313 883 4364 9.
923 4312 1216 4381 Daqoberti
1250 4312 1404 4382 φορὴ,
1442 4312 1535 4379 qui
1574 4314 1698 4378 631,
1760 4314 1843 4367 vel
1877 4321 1936 4364 ut
1970 4313 2084 4378 ipse
2124 4310 2363 4377 fortasse
2400 4325 2505 4362 nu-

272 4392 440 4438 merat
480 4385 606 4450 630,
637 4385 935 4452 respondet.
1010 4387 1103 4438 BI.
1252 4386 1311 4454 4)
1352 4386 1626 4439 Innichen.
