3042 4909
552 417 620 466 22
1017 412 1237 463 PAULI
1276 411 1626 463 HISTORIA
1663 410 2335 464 LANGOBARDORUM.

722 580 897 645 Sunt
939 580 1199 665 quidem
1242 602 1409 665 quae
1465 580 1744 643 suadere
1776 580 2064 663 possint,
2123 578 2491 642 Historiam
2532 577 2799 664 Lanqo-

552 666 910 731 bardorum
952 687 1084 729 non
1129 664 1317 728 semel
1359 663 1600 727 editam
1646 684 1800 743 esse,
1843 663 1957 727 sed
1996 662 2103 726 illi
2146 684 2313 746 quae
2354 663 2430 726 in
2466 661 2674 745 pleris
2719 685 2797 725 ue

552 758 765 816 eaestat
807 748 1139 812 codicibus
1181 747 1338 811 libri
1358 748 1630 832 formae
1675 746 1881 811 aliam
1917 746 2370 830 praecessisse.
2452 746 2535 809 In
2579 747 2651 809 in
2702 748 2796 811 ice

556 835 725 899 enim
772 834 1064 916 capitum
1106 831 1262 897 libri
1307 830 1406 894 VI.
1444 831 1681 894 ultima
1710 832 1841 895 duo
1871 829 2170 914 capitula
2200 852 2333 894 non
2364 837 2593 893 notata
2619 839 2796 912 sunt,

556 914 743 982 semel
784 920 977 980 etiam
1023 915 1402 980 antecedens
1433 915 1587 999 (56)
1628 916 1953 995 omissum,
1998 922 2056 976 et
2096 915 2125 977 i
2174 934 2253 976 sa
2297 914 2454 977 haec
2498 913 2799 997 capitula

558 1000 878 1084 (ὃὸ-58)
924 1001 1138 1064 codici
1194 1000 1428 1064 desunt
1482 1001 1600 1085 qui
1657 998 2062 1085 singularem
2153 997 2315 1062 auli
2366 998 2801 1063 recensionem

606 1084 821 1148 raebet
851 1084 950 1166 (Β
979 1083 1020 1146 2
1054 1082 1247 1167 infra
1276 1083 1726 1147 nominandus
1736 1105 1761 1164 ;
1791 1082 1858 1145 B
1897 1083 1923 1143 l
1941 1083 2093 1167 jam
2107 1080 2249 1162 fine
2278 1082 2622 1147 destitutus
2650 1085 2799 1161 est).

548 1108 740 1233 ZHaec
785 1189 920 1232 non
962 1190 1120 1232 raro
1153 1167 1353 1231 Pauli
1393 1166 1591 1230 verba
1619 1168 1916 1245 mutavit,
1960 1166 2285 1251 quaedam
2315 1164 2509 1229 aliter
2536 1186 2797 1248 eaepres-

370 1263 537 1317 *12-28·
557 1256 675 1333 sit,
721 1253 1045 1336 quaedam
1087 1252 1281 1315 etiam
1325 1251 1608 1331 addidit,
1655 1273 1821 1336 quae
1866 1249 1946 1313 ab
1992 1250 2177 1333 *ipso
2210 1258 2473 1313 auctore
2491 1249 2799 1333 profecta

558 1358 689 1400 esse
733 1334 988 1399 credere
1025 1356 1269 1419 posses.
1359 1332 1490 1399 Sed
1547 1333 1688 1398 alia
1738 1356 1818 1397 ex
1863 1355 2081 1397 errore
2139 1342 2304 1396 nata
2356 1333 2664 1396 videntur
2704 1331 2802 1395 vel

558 1429 721 1484 certe
751 1418 959 1482 Paulo
991 1419 1176 1481 baud
1204 1419 1557 1482 tribuenda
1580 1419 1662 1502 (I,
1687 1417 1789 1481 21.
1820 1415 2101 1501 adalingi
2118 1438 2253 1500 pro
2281 1414 2598 1500 Lithingi3
2623 1417 2714 1497 II,
2736 1414 2799 1479 9.

556 1500 1012 1581 machedonUS,
1053 1501 1439 1566 vocabulum
1485 1523 1769 1585 prorsus
1824 1501 2206 1564 inauditum
2241 1522 2371 1585 pro
2428 1521 2567 1562 mar
2612 1498 2800 1583 abis),

557 1587 657 1650 ita
710 1594 784 1649 ut
842 1587 1280 1670 conjecturam
1337 1585 1524 1650 illam
1575 1595 1785 1649 tenere
1842 1585 1957 1649 viae
2011 1584 2223 1648 liceat.
2309 1582 2511 1649 Pauli
2584 1584 2799 1648 ibrum

559 1671 940 1754 neutiquam
983 1670 1567 1754 qrammaticorum
1619 1691 1858 1733 manus
1914 1670 2214 1749 evasisse,
2276 1670 2393 1754 qui
2449 1690 2799 1732 sermonem

558 1754 1014 1901 equantiorem
1072 1753 1341 1818 reddere
1397 1753 1747 1834 studerent,
1808 1752 1963 1817 aliis
2017 1752 2346 1817 codicibus
2404 1753 2801 1837 comparatis

559 1861 591 1902 e
644 1860 916 1902 ocemur.

727 1921 906 1985 Nam
947 1942 1097 1984 mooe
1129 1921 1437 1983 Historia
1464 1919 2062 2004 Lanqobardorum
2089 1918 2684 2004 maynamfamam
2713 1926 2804 1982 est

560 2014 760 2068 nacta
788 2005 1227 2088 latissimeque
1257 2004 1626 2089 divulgata.
1685 2004 1993 2067 Andreas
2020 2004 2383 2089 Berqomas
2413 2012 2472 2065 et
2510 2002 2633 2067 alii
2663 2024 2805 2066 eam

561 2089 1087 2154 continuandam
1128 2096 1554 2172 susceperunt
1564 2110 1590 2169 ,·
1635 2088 2132 2170 Erchempertus
2174 2109 2277 2150 res
2304 2087 2806 2150 Beneventanas

561 2182 779 2259 ‚qe-stas
839 2173 1294 2256 descripturus
1339 2173 1430 2235 ad
1481 2174 1627 2257 ejus
1687 2193 1865 2235 eaeem
1914 2170 2049 2233 lum
2101 2179 2433 2254 provocat.
2521 2168 2809 2253 Saepius

562 2265 867 2340 excerpta
891 2256 1116 2340 facta,
1160 2256 1349 2320 modo
1394 2265 1467 2319 ut
1493 2278 1599 2319 res
1627 2255 1862 2340 Lanqo
1906 2255 2222 2318 ardorum
2266 2254 2524 2318 brevius
2568 2276 2808 2317 narra-

561 2350 812 2420 rentur,
856 2341 1044 2405 modo
1088 2342 1188 2404 ita
1216 2350 1290 2403 ut
1317 2361 1397 2403 ea
1469 2362 1596 2403 uae
1628 2340 1719 2402 ad
1746 2361 1849 2403 res
1881 2338 2222 2402 Romanas
2253 2347 2310 2401 et
2337 2336 2806 2402 ecclesiasticas

550 2423 972 2508 pertinebant
1011 2425 1374 2508 separatim
1465 2423 1933 2487 escriberentur
1962 2425 2097 2503 (ita
2137 2425 2213 2487 in
2257 2422 2395 2486 cod.
2431 2420 2804 2487 Cheltenha-

562 2509 771 2572 mensi
816 2530 866 2571 s.
909 2508 1062 2587 IX).
1176 2506 1345 2580 Quot
1387 2516 1498 2570 uot
1555 2508 1634 2571 de
1689 2509 1881 2571 rebus
1922 2505 2449 2592 Lanqobardicis
2507 2514 2564 2568 et
2614 2504 2807 2570 Italis

554 2600 788 2676 postea
839 2600 1128 2675 eqerunt,
1188 2591 1390 2653 Paui
1443 2590 1609 2654 libro
1666 2592 1777 2655 usi
1831 2600 1984 2654 sunt
2001 2603 2042 2652 ¹.
2131 2591 2310 2653 Inter
2363 2611 2526 2673 quos
2575 2599 2806 2653 auctor

564 2675 682 2758 qui
735 2672 934 2738 Gesta
998 2676 1450 2759 episcoporum
1505 2672 2102 2758 Neapolitanorum
2164 2673 2461 2738 condidit
2509 2675 2811 2756 primum

563 2760 641 2822 in
673 2758 883 2821 Italia‘
902 2755 1111 2821 locum
1140 2757 1422 2822 obtinere
1449 2758 1741 2839 videtur,·
1771 2760 1846 2822 in
1874 2758 2170 2822 Francia
2197 2757 2458 2841 Reyino
2474 2766 2517 2817 ².
2573 2756 2808 2819 Postea

566 2841 762 2905 etiam
812 2862 1032 2904 rerum
1076 2841 1499 2906 Danicarum
1552 2845 1835 2925 scriptor
1878 2841 2063 2906 Samo
2109 2838 2591 2904 Grammaticus
2632 2840 2808 2902 Pau-

564 2925 698 2987 lum
742 2926 1091 3009 eaescripsit
1106 2933 1151 2987 ³.
1223 2924 1486 2990 Codices
1528 2947 1676 2990 vero
1720 2924 2228 2989 innumerabiles
2250 2923 2406 3008 fere
2436 2945 2566 3007 per
2609 2932 2808 2987 totam

565 3009 910 3092 Europam
950 3012 1193 3092 sparsi,
1235 3011 1335 3072 ita
1378 3018 1451 3071 ut
1490 3011 1608 3073 viae
1649 3009 1852 3073 ullum
1884 3032 2050 3094 opus
2080 3009 2481 3089 historicum,
2510 3009 2572 3071 si
2600 3029 2808 3070 unum

566 3093 853 3156 Martini
892 3092 945 3155 O
984 3094 1331 3176 paviensis
1373 3094 1728 3158 chronicon
1759 3095 2077 3177 eoecipias,
2108 3114 2238 3176 per
2264 3092 2548 3156 medium
2579 3113 2808 3154 aevum

566 3178 748 3239 toties
789 3178 874 3240 sit
914 3115 1307 3260 descriptum
1365 3199 1563 3262 quam
1605 3177 1806 3241 Pauli
1849 3177 2152 3240 Historia
2194 3175 2809 3262 Lanqobardorum.

566 3259 950 3324 Etiamnum
1004 3258 1162 3344 plus
1227 3282 1424 3345 quam
1488 3269 1736 3325 centum
1804 3269 2062 3325 exstant
2120 3259 2279 3322 libri
2348 3261 2809 3343 manuscripti,

567 3346 698 3408 sive
740 3345 1005 3429 inteqri,
1051 3345 1184 3407 sive
1225 3344 1518 3425 mutili⁴;
1567 3344 1848 3409 aliorum
1879 3344 2066 3428 apud
2091 3344 2471 3406 recentioris
2500 3343 2810 3425 temporis

567 3429 916 3511 scriptores
940 3429 1238 3492 notitiam
1263 3428 1602 3509 babemus,·
1636 3450 1767 3492 non
1779 3428 1997 3511 pauci
2006 3446 2290 3510 prorsus
2310 3426 2806 3489 interciderunt.

569 3572 710 3638 quod
762 3580 946 3622 contra
982 3570 1307 3622 Bethmanni
1355 3569 1664 3623 sententiam
1717 3578 1766 3622 et
1815 3578 2000 3621 contra
2049 3566 2287 3621 codicwm
2338 3566 2541 3634 aliquot
2577 3565 2809 3618 auctori-

567 3652 728 3695 tatem
765 3660 829 3695 ae
870 3652 918 3695 et
954 3660 1062 3694 non
1100 3660 1129 3695 e
1167 3642 1373 3709 scripsi,
1414 3642 1590 3696 codice
1628 3643 1969 3709 epistolarum
2008 3639 2250 3709 Gregorii
2286 3638 2604 3693 Adalhwrdo
2630 3649 2807 3692 trans·

566 3714 724 3767 misso
775 3717 1122 3782 approbatur.
1226 3716 1295 3767 In
1343 3714 1513 3782 ipsius
1566 3715 1817 3781 epistolae
1874 3716 2154 3783 specimine
2202 3733 2239 3767 a
2301 3712 2615 3774 Mabillonio
2667 3713 2806 3765 edito

569 3789 788 3856 leyitur:
828 3795 1053 3853 aestate,
1091 3796 1233 3852 tuae,
1272 3805 1387 3858 prs.
1540 3788 1596 3855 1)
1641 3788 1875 3851 Quorum
1910 3806 2160 3858 maynam
2186 3795 2406 3854 partem
2455 3789 2609 3854 affert
2645 3786 2807 3839 Beth·

564 3878 732 3912 mann
758 3878 822 3927 p.
876 3863 1001 3913 316.
1096 3860 1340 3913 Omnium
1385 3862 1619 3928 primum
1661 3860 2009 3915 »Einhardam
2056 3860 2298 3913 nominat
2310 3879 2327 3921 ,-
2381 3861 2476 3913 sed
2522 3859 2697 3911 nescio
2734 3876 2809 3911 an

570 3934 645 3985 ad
687 3951 918 3985 errorem
956 3934 1147 3985 ductus
1185 3933 1384 3986 Pertzii
1429 3936 1619 3998 verbis,
1671 3933 1771 3986 SS.
1824 3934 1906 4000 II,
1946 3952 2012 4002 p.
2049 3936 2174 3996 429,
2215 3931 2309 3999 qui
2344 3950 2408 3998 p.
2462 3933 2588 3983 431.
2644 3932 2807 3985 Gesta

568 4015 776 4059 tantum
825 4006 1185 4073 episcoporum
1236 4007 1572 4059 Mettensium
1620 4005 1844 4059 indicat.
1907 4036 1914 4042 -
2015 4005 2075 4074 2)
2110 4004 2247 4057 Ante
2295 4021 2416 4057 eam
2478 4004 2810 4070 Walafridus

569 4077 761 4131 Strabo
800 4079 966 4131 Pauli
1004 4080 1167 4132 Gesta
1201 4079 1682 4148 Langobardorwm
1712 4081 1917 4144 laudat,
1957 4080 2043 4132 De
2066 4079 2176 4131 div.
2203 4078 2290 4143 off.
2313 4095 2360 4129 c.
2390 4077 2478 4141 28,
2518 4080 2601 4130 ed.
2627 4076 2811 4145 Miqne

572 4150 767 4215 CXIV,
797 4170 859 4219 p.
901 4154 1025 4205 962.
1174 4152 1233 4221 3)
1275 4154 1310 4206 Ζ.
1364 4152 1525 4218 VIII,
1564 4153 1646 4204 ed.
1686 4153 1883 4205 M'u‘ller
1908 4169 1972 4218 p.
2026 4150 2132 4201 418
2173 4167 2249 4216 sq.
2409 4149 2469 4218 4)
2506 4151 2812 4203 Bethmann

572 4242 623 4276 a.
668 4226 826 4276 1851.
869 4223 1056 4290 (Ao-ck.
1093 4225 1161 4289 X,
1196 4242 1254 4291 p.
1294 4227 1426 4291 319)
1470 4226 1541 4276 98
1577 4233 1822 4290 recenset,
1864 4227 1931 4276 15
1969 4221 2269 4291 deperditos
2295 4223 2453 4291 luget.
2527 4223 2693 4275 Hunc.
2730 4239 2809 4276 se-

571 4298 753 4363 quitur
790 4296 936 4362 Abel,
983 4298 1192 4349 Transl.
1229 4315 1285 4364 p.
1323 4298 1476 4363 XXI,
1516 4297 1611 4365 qui
1651 4298 1756 4347 114
1805 4306 1956 4351 notos
2004 4313 2113 4349 esse
2162 4295 2310 4348 dicit.
2387 4296 2546 4349 Nunc
2587 4297 2690 4348 108
2727 4295 2811 4347 in-

570 4369 768 4433 dicare,
810 4388 855 4421 c.
894 4372 964 4420 20
1003 4370 1301 4435 deperditos
1341 4373 1532 4436 afferre
1569 4370 1704 4422 licet.
