<?xml version="1.0" encoding="UTF-8"?>
<!DOCTYPE html PUBLIC "-//W3C//DTD XHTML 1.0 Transitional//EN"
    "http://www.w3.org/TR/xhtml1/DTD/xhtml1-transitional.dtd">
<html xmlns="http://www.w3.org/1999/xhtml" xml:lang="en" lang="en">
 <head>
  <title>
</title>
<meta http-equiv="Content-Type" content="text/html;charset=utf-8" />
  <meta name='ocr-system' content='tesseract 3.04.00' />
  <meta name='ocr-capabilities' content='ocr_page ocr_carea ocr_par ocr_line ocrx_word'/>
</head>
<body>
  <div class='ocr_page' id='page_1' title='image "./paulihistoriala01waitgoog_0222.png"; bbox 0 0 3042 4909; ppageno 0'>
   <div class='ocr_carea' id='block_1_1' title="bbox 294 1822 510 1878">
    <p class='ocr_par' dir='ltr' id='par_1_1' title="bbox 294 1822 510 1878">
     <span class='ocr_line' id='line_1_1' title="bbox 294 1822 510 1878; baseline -0.019 -8"><span class='ocrx_word' id='word_1_1' title='bbox 294 1822 375 1878; x_wconf 57' lang='grc' dir='ltr'>ἰ).</span> <span class='ocrx_word' id='word_1_2' title='bbox 409 1828 510 1868; x_wconf 80' lang='lat'>161.</span> 
     </span>
    </p>
   </div>
   <div class='ocr_carea' id='block_1_2' title="bbox 517 388 2476 445">
    <p class='ocr_par' dir='ltr' id='par_1_2' title="bbox 517 388 2476 445">
     <span class='ocr_line' id='line_1_2' title="bbox 517 388 2476 445; baseline -0.002 -1"><span class='ocrx_word' id='word_1_3' title='bbox 517 395 625 445; x_wconf 78' lang='lat'>206</span> <span class='ocrx_word' id='word_1_4' title='bbox 833 391 1055 443; x_wconf 85' lang='lat' dir='ltr'>PAULI</span> <span class='ocrx_word' id='word_1_5' title='bbox 1093 389 1442 442; x_wconf 84' lang='lat' dir='ltr'>HISTORIA</span> <span class='ocrx_word' id='word_1_6' title='bbox 1479 389 2152 442; x_wconf 84' lang='lat' dir='ltr'>LANGOBARDORUM.</span> <span class='ocrx_word' id='word_1_7' title='bbox 2227 388 2367 442; x_wconf 90' lang='lat' dir='ltr'>LIB.</span> <span class='ocrx_word' id='word_1_8' title='bbox 2408 390 2476 441; x_wconf 86' lang='lat' dir='ltr'>V.</span> 
     </span>
    </p>
   </div>
   <div class='ocr_carea' id='block_1_3' title="bbox 518 555 2783 2966">
    <p class='ocr_par' dir='ltr' id='par_1_3' title="bbox 518 555 2775 1242">
     <span class='ocr_line' id='line_1_3' title="bbox 518 555 2766 643; baseline -0.001 -19"><span class='ocrx_word' id='word_1_9' title='bbox 518 561 599 626; x_wconf 90' lang='lat' dir='ltr'>de</span> <span class='ocrx_word' id='word_1_10' title='bbox 654 559 925 624; x_wconf 92' lang='lat' dir='ltr'>tentorio</span> <span class='ocrx_word' id='word_1_11' title='bbox 982 567 1263 622; x_wconf 83' lang='lat' dir='ltr'>armatus</span> <span class='ocrx_word' id='word_1_12' title='bbox 1325 578 1638 642; x_wconf 84' lang='lat' dir='ltr'>egressus,</span> <span class='ocrx_word' id='word_1_13' title='bbox 1697 578 1816 621; x_wconf 90' lang='lat' dir='ltr'>rex</span> <span class='ocrx_word' id='word_1_14' title='bbox 1875 556 2269 643; x_wconf 89' lang='lat' dir='ltr'>Cunincpert</span> <span class='ocrx_word' id='word_1_15' title='bbox 2324 555 2406 620; x_wconf 90' lang='lat' dir='ltr'>ab</span> <span class='ocrx_word' id='word_1_16' title='bbox 2460 555 2766 622; x_wconf 86' lang='lat' dir='ltr'>omnibus</span> 
     </span>
     <span class='ocr_line' id='line_1_4' title="bbox 519 638 2767 787; baseline -0.002 -78"><span class='ocrx_word' id='word_1_17' title='bbox 519 666 659 709; x_wconf 87' lang='lat' dir='ltr'>esse</span> <span class='ocrx_word' id='word_1_18' title='bbox 715 650 1048 728; x_wconf 90' lang='lat' dir='ltr'>putaretur</span> <span class='ocrx_word' id='word_1_19' title='bbox 1063 652 1107 705; x_wconf 70' lang='lat'>³.</span> <span class='ocrx_word' id='word_1_20' title='bbox 1198 640 1632 706; x_wconf 71' lang='lat' dir='ltr'>Commissum</span> <span class='ocrx_word' id='word_1_21' title='bbox 1689 642 1906 787; x_wconf 53' lang='lat' dir='ltr'>itaqlule</span> <span class='ocrx_word' id='word_1_22' title='bbox 1949 649 2047 705; x_wconf 92' lang='lat' dir='ltr'>est</span> <span class='ocrx_word' id='word_1_23' title='bbox 2101 638 2418 726; x_wconf 90' lang='lat' dir='ltr'>proelium</span> <span class='ocrx_word' id='word_1_24' title='bbox 2460 649 2525 704; x_wconf 92' lang='lat' dir='ltr'>et</span> <span class='ocrx_word' id='word_1_25' title='bbox 2562 641 2715 705; x_wconf 90' lang='lat' dir='ltr'>totis</span> <span class='ocrx_word' id='word_1_26' title='bbox 2732 642 2767 683; x_wconf 58' lang='grc' dir='ltr'><strong><em>Β</em></strong></span> 
     </span>
     <span class='ocr_line' id='line_1_5' title="bbox 518 723 2767 809; baseline -0.002 -16"><span class='ocrx_word' id='word_1_27' title='bbox 518 728 762 793; x_wconf 84' lang='lat' dir='ltr'>viribus</span> <span class='ocrx_word' id='word_1_28' title='bbox 821 724 1231 790; x_wconf 84' lang='lat' dir='ltr'>decertatum.</span> <span class='ocrx_word' id='word_1_29' title='bbox 1334 723 1628 809; x_wconf 81' lang='lat' dir='ltr'>Cumque</span> <span class='ocrx_word' id='word_1_30' title='bbox 1689 723 1815 788; x_wconf 82' lang='lat' dir='ltr'>AJa</span> <span class='ocrx_word' id='word_1_31' title='bbox 1863 726 1915 788; x_wconf 82' lang='lat' dir='ltr'>&#39;s</span> <span class='ocrx_word' id='word_1_32' title='bbox 1971 725 2065 789; x_wconf 89' lang='lat' dir='ltr'>ibi</span> <span class='ocrx_word' id='word_1_33' title='bbox 2121 725 2332 809; x_wconf 85' lang='lat' dir='ltr'>magis</span> <span class='ocrx_word' id='word_1_34' title='bbox 2388 724 2767 808; x_wconf 81' lang='lat' dir='ltr'>intenderet,</span> 
     </span>
     <span class='ocr_line' id='line_1_6' title="bbox 519 807 2772 896; baseline -0.002 -21"><span class='ocrx_word' id='word_1_35' title='bbox 519 810 633 875; x_wconf 91' lang='lat' dir='ltr'>ubi</span> <span class='ocrx_word' id='word_1_36' title='bbox 674 831 894 896; x_wconf 84' lang='lat' dir='ltr'>regem</span> <span class='ocrx_word' id='word_1_37' title='bbox 923 831 1063 873; x_wconf 91' lang='lat' dir='ltr'>esse</span> <span class='ocrx_word' id='word_1_38' title='bbox 1082 821 1105 851; x_wconf 79' lang='lat'><strong>⁰</strong></span> <span class='ocrx_word' id='word_1_39' title='bbox 1146 817 1419 894; x_wconf 92' lang='lat' dir='ltr'>putaret,</span> <span class='ocrx_word' id='word_1_40' title='bbox 1466 807 1973 893; x_wconf 87' lang='lat' dir='ltr'>Cunincpertum</span> <span class='ocrx_word' id='word_1_41' title='bbox 2003 830 2071 872; x_wconf 90' lang='lat' dir='ltr'>se</span> <span class='ocrx_word' id='word_1_42' title='bbox 2114 807 2468 873; x_wconf 85' lang='lat' dir='ltr'>extinxisse</span> <span class='ocrx_word' id='word_1_43' title='bbox 2509 817 2772 895; x_wconf 78' lang='lat' dir='ltr'>putanS,</span> 
     </span>
     <span class='ocr_line' id='line_1_7' title="bbox 524 890 2775 978; baseline -0.002 -18"><span class='ocrx_word' id='word_1_44' title='bbox 524 896 843 960; x_wconf 87' lang='lat' dir='ltr'>Senonem</span> <span class='ocrx_word' id='word_1_45' title='bbox 861 894 889 935; x_wconf 76' lang='lat'>‘¹</span> <span class='ocrx_word' id='word_1_46' title='bbox 932 893 1269 957; x_wconf 83' lang='lat' dir='ltr'>diaconem</span> <span class='ocrx_word' id='word_1_47' title='bbox 1317 890 1703 957; x_wconf 76' lang='lat' dir='ltr'>interfecit0.</span> <span class='ocrx_word' id='word_1_48' title='bbox 1791 891 2084 977; x_wconf 83' lang='lat' dir='ltr'>Cumque</span> <span class='ocrx_word' id='word_1_49' title='bbox 2129 900 2323 978; x_wconf 89' lang='lat' dir='ltr'>caput</span> <span class='ocrx_word' id='word_1_50' title='bbox 2364 893 2500 955; x_wconf 91' lang='lat' dir='ltr'>eius</span> <span class='ocrx_word' id='word_1_51' title='bbox 2543 914 2775 977; x_wconf 89' lang='lat' dir='ltr'>ampu-</span> 
     </span>
     <span class='ocr_line' id='line_1_8' title="bbox 521 974 2775 1074; baseline -0.002 -31"><span class='ocrx_word' id='word_1_52' title='bbox 521 979 643 1043; x_wconf 92' lang='lat' dir='ltr'>tari</span> <span class='ocrx_word' id='word_1_53' title='bbox 683 977 1131 1063; x_wconf 80' lang='lat' dir='ltr'>praecepisset,</span> <span class='ocrx_word' id='word_1_54' title='bbox 1174 984 1264 1058; x_wconf 87' lang='lat' dir='ltr'>ut,</span> <span class='ocrx_word' id='word_1_55' title='bbox 1304 974 1518 1039; x_wconf 88' lang='lat' dir='ltr'>levato</span> <span class='ocrx_word' id='word_1_56' title='bbox 1550 997 1625 1040; x_wconf 91' lang='lat' dir='ltr'>eo</span> <span class='ocrx_word' id='word_1_57' title='bbox 1655 975 1762 1038; x_wconf 73' lang='lat' dir='ltr'>inf</span> <span class='ocrx_word' id='word_1_58' title='bbox 1805 984 2012 1058; x_wconf 84' lang='lat' dir='ltr'>conte,</span> <span class='ocrx_word' id='word_1_59' title='bbox 2059 974 2223 1039; x_wconf 93' lang='lat' dir='ltr'>‘Deo</span> <span class='ocrx_word' id='word_1_60' title='bbox 2257 976 2515 1074; x_wconf 79' lang='lat' dir='ltr'>gratias&#39;</span> <span class='ocrx_word' id='word_1_61' title='bbox 2556 975 2775 1040; x_wconf 88' lang='lat' dir='ltr'>adcla-</span> 
     </span>
     <span class='ocr_line' id='line_1_9' title="bbox 523 1058 2768 1146; baseline -0.001 -21"><span class='ocrx_word' id='word_1_62' title='bbox 523 1070 817 1126; x_wconf 60' lang='lat' dir='ltr'>marent&amp;</span> <span class='ocrx_word' id='word_1_63' title='bbox 831 1109 847 1143; x_wconf 88' lang='lat'>,</span> <span class='ocrx_word' id='word_1_64' title='bbox 911 1058 1162 1124; x_wconf 85' lang='lat' dir='ltr'>sublata</span> <span class='ocrx_word' id='word_1_65' title='bbox 1225 1058 1474 1123; x_wconf 87' lang='lat' dir='ltr'>casside</span> <span class='ocrx_word' id='word_1_66' title='bbox 1491 1108 1508 1141; x_wconf 91' lang='lat'>,</span> <span class='ocrx_word' id='word_1_67' title='bbox 1576 1058 1879 1123; x_wconf 91' lang='lat' dir='ltr'>clericum</span> <span class='ocrx_word' id='word_1_68' title='bbox 1943 1082 2011 1124; x_wconf 90' lang='lat' dir='ltr'>se</span> <span class='ocrx_word' id='word_1_69' title='bbox 2076 1059 2388 1123; x_wconf 78' lang='lat' dir='ltr'>occidlsse</span> <span class='ocrx_word' id='word_1_70' title='bbox 2449 1060 2768 1146; x_wconf 85' lang='lat' dir='ltr'>cognovit.</span> 
     </span>
     <span class='ocr_line' id='line_1_10' title="bbox 523 1140 2768 1242; baseline -0.002 -32"><span class='ocrx_word' id='word_1_71' title='bbox 523 1146 707 1210; x_wconf 88' lang='lat' dir='ltr'>Tunc</span> <span class='ocrx_word' id='word_1_72' title='bbox 753 1142 1134 1208; x_wconf 86' lang='lat' dir='ltr'>furibundus</span> <span class='ocrx_word' id='word_1_73' title='bbox 1165 1140 1566 1207; x_wconf 87' lang='lat' dir='ltr'>exclamans:</span> <span class='ocrx_word' id='word_1_74' title='bbox 1611 1142 1781 1207; x_wconf 87' lang='lat' dir='ltr'>‘Heu</span> <span class='ocrx_word' id='word_1_75' title='bbox 1809 1165 1911 1207; x_wconf 93' lang='lat' dir='ltr'>me</span> <span class='ocrx_word' id='word_1_76' title='bbox 1930 1143 1964 1205; x_wconf 85' lang='lat'>!&#39;</span> <span class='ocrx_word' id='word_1_77' title='bbox 2006 1142 2232 1228; x_wconf 87' lang='lat' dir='ltr'>inquit,</span> <span class='ocrx_word' id='word_1_78' title='bbox 2279 1140 2455 1206; x_wconf 86' lang='lat' dir='ltr'>‘nihil</span> <span class='ocrx_word' id='word_1_79' title='bbox 2498 1143 2768 1242; x_wconf 79' lang='lat' dir='ltr'>egimuS,</span> 
     </span>
    </p>

    <p class='ocr_par' dir='ltr' id='par_1_4' title="bbox 523 1224 2775 1545">
     <span class='ocr_line' id='line_1_11' title="bbox 568 1224 2774 1313; baseline -0.001 -20"><span class='ocrx_word' id='word_1_80' title='bbox 568 1228 779 1293; x_wconf 90' lang='lat' dir='ltr'>uando</span> <span class='ocrx_word' id='word_1_81' title='bbox 809 1228 893 1293; x_wconf 86' lang='lat' dir='ltr'>ad</span> <span class='ocrx_word' id='word_1_82' title='bbox 934 1227 1057 1291; x_wconf 93' lang='lat' dir='ltr'>hoc</span> <span class='ocrx_word' id='word_1_83' title='bbox 1100 1225 1415 1313; x_wconf 92' lang='lat' dir='ltr'>proelium</span> <span class='ocrx_word' id='word_1_84' title='bbox 1457 1227 1796 1311; x_wconf 84' lang='lat' dir='ltr'>gessimus,</span> <span class='ocrx_word' id='word_1_85' title='bbox 1835 1236 1909 1291; x_wconf 90' lang='lat' dir='ltr'>ut</span> <span class='ocrx_word' id='word_1_86' title='bbox 1950 1224 2256 1290; x_wconf 91' lang='lat' dir='ltr'>clericum</span> <span class='ocrx_word' id='word_1_87' title='bbox 2299 1225 2774 1291; x_wconf 74' lang='lat' dir='ltr'>oceidenmush.</span> 
     </span>
     <span class='ocr_line' id='line_1_12' title="bbox 523 1252 2775 1397; baseline -0.002 -20"><span class='ocrx_word' id='word_1_88' title='bbox 523 1252 684 1378; x_wconf 37' lang='lat' dir='ltr'>{ale</span> <span class='ocrx_word' id='word_1_89' title='bbox 739 1315 955 1397; x_wconf 87' lang='lat' dir='ltr'>itaque</span> <span class='ocrx_word' id='word_1_90' title='bbox 998 1332 1170 1375; x_wconf 88' lang='lat' dir='ltr'>nunc</span> <span class='ocrx_word' id='word_1_91' title='bbox 1225 1309 1391 1374; x_wconf 83' lang='lat' dir='ltr'>facio</span> <span class='ocrx_word' id='word_1_92' title='bbox 1442 1321 1684 1392; x_wconf 86' lang='lat' dir='ltr'>votum,</span> <span class='ocrx_word' id='word_1_93' title='bbox 1740 1320 1830 1393; x_wconf 88' lang='lat' dir='ltr'>ut,</span> <span class='ocrx_word' id='word_1_94' title='bbox 1888 1310 1945 1374; x_wconf 91' lang='lat' dir='ltr'>si</span> <span class='ocrx_word' id='word_1_95' title='bbox 2000 1309 2158 1373; x_wconf 91' lang='lat' dir='ltr'>mihi</span> <span class='ocrx_word' id='word_1_96' title='bbox 2199 1309 2379 1375; x_wconf 92' lang='lat' dir='ltr'>Deus</span> <span class='ocrx_word' id='word_1_97' title='bbox 2433 1312 2775 1376; x_wconf 83' lang='lat' dir='ltr'>victoriam</span> 
     </span>
     <span class='ocr_line' id='line_1_13' title="bbox 524 1393 2775 1505; baseline -0.001 -44"><span class='ocrx_word' id='word_1_98' title='bbox 524 1399 755 1495; x_wconf 71' lang='lat' dir='ltr'>iterum</span> <span class='ocrx_word' id='word_1_99' title='bbox 785 1395 1051 1505; x_wconf 71' lang='lat' dir='ltr'>dederit,</span> <span class='ocrx_word' id='word_1_100' title='bbox 1095 1393 1268 1480; x_wconf 91' lang='lat' dir='ltr'>quod</span> <span class='ocrx_word' id='word_1_101' title='bbox 1310 1416 1511 1458; x_wconf 91' lang='lat' dir='ltr'>unum</span> <span class='ocrx_word' id='word_1_102' title='bbox 1553 1404 1818 1480; x_wconf 91' lang='lat' dir='ltr'>puteum</span> <span class='ocrx_word' id='word_1_103' title='bbox 1847 1393 1926 1458; x_wconf 92' lang='lat' dir='ltr'>de</span> <span class='ocrx_word' id='word_1_104' title='bbox 1969 1393 2274 1459; x_wconf 80' lang='lat' dir='ltr'>testiculis</span> <span class='ocrx_word' id='word_1_105' title='bbox 2317 1394 2623 1481; x_wconf 89' lang='lat' dir='ltr'>impleam</span> <span class='ocrx_word' id='word_1_106' title='bbox 2652 1393 2775 1459; x_wconf 91' lang='lat' dir='ltr'>cle-</span> 
     </span>
     <span class='ocr_line' id='line_1_14' title="bbox 525 1502 848 1545; baseline -0.009 0"><span class='ocrx_word' id='word_1_107' title='bbox 525 1502 814 1545; x_wconf 76' lang='lat' dir='ltr'>rlcorum</span> <span class='ocrx_word' id='word_1_108' title='bbox 833 1528 848 1543; x_wconf 92' lang='lat'>.</span> 
     </span>
    </p>

    <p class='ocr_par' dir='ltr' id='par_1_5' title="bbox 528 1561 2782 2150">
     <span class='ocr_line' id='line_1_15' title="bbox 694 1561 2775 1648; baseline 0 -23"><span class='ocrx_word' id='word_1_109' title='bbox 694 1563 798 1626; x_wconf 91' lang='lat'>41.</span> <span class='ocrx_word' id='word_1_110' title='bbox 883 1562 1093 1648; x_wconf 86' lang='lat' dir='ltr'>Igitur</span> <span class='ocrx_word' id='word_1_111' title='bbox 1123 1561 1517 1647; x_wconf 89' lang='lat' dir='ltr'>Cunincpert</span> <span class='ocrx_word' id='word_1_112' title='bbox 1558 1561 1946 1648; x_wconf 87' lang='lat' dir='ltr'>perdidissei</span> <span class='ocrx_word' id='word_1_113' title='bbox 1992 1584 2143 1626; x_wconf 88' lang='lat' dir='ltr'>suos</span> <span class='ocrx_word' id='word_1_114' title='bbox 2183 1563 2602 1648; x_wconf 88' lang='lat' dir='ltr'>conspiciens,</span> <span class='ocrx_word' id='word_1_115' title='bbox 2645 1570 2775 1625; x_wconf 89' lang='lat' dir='ltr'>sta-</span> 
     </span>
     <span class='ocr_line' id='line_1_16' title="bbox 528 1643 2772 1731; baseline -0 -21"><span class='ocrx_word' id='word_1_116' title='bbox 528 1648 646 1711; x_wconf 92' lang='lat' dir='ltr'>tim</span> <span class='ocrx_word' id='word_1_117' title='bbox 691 1668 759 1709; x_wconf 92' lang='lat' dir='ltr'>se</span> <span class='ocrx_word' id='word_1_118' title='bbox 804 1646 896 1709; x_wconf 91' lang='lat' dir='ltr'>eis</span> <span class='ocrx_word' id='word_1_119' title='bbox 912 1647 943 1687; x_wconf 68' lang='lat'>¹¹</span> <span class='ocrx_word' id='word_1_120' title='bbox 990 1644 1266 1710; x_wconf 89' lang='lat' dir='ltr'>ostendit</span> <span class='ocrx_word' id='word_1_121' title='bbox 1310 1646 1724 1730; x_wconf 91' lang='lat' dir='ltr'>omniumque</span> <span class='ocrx_word' id='word_1_122' title='bbox 1769 1643 1978 1721; x_wconf 89' lang='lat' dir='ltr'>corda,</span> <span class='ocrx_word' id='word_1_123' title='bbox 2043 1644 2325 1710; x_wconf 85' lang='lat' dir='ltr'>sublato¹</span> <span class='ocrx_word' id='word_1_124' title='bbox 2367 1667 2624 1731; x_wconf 86' lang='lat' dir='ltr'>pavore,</span> <span class='ocrx_word' id='word_1_125' title='bbox 2684 1645 2772 1709; x_wconf 83' lang='lat' dir='ltr'>ad</span> 
     </span>
     <span class='ocr_line' id='line_1_17' title="bbox 531 1727 2776 1816; baseline -0.001 -22"><span class='ocrx_word' id='word_1_126' title='bbox 531 1727 961 1816; x_wconf 82' lang='lat' dir='ltr'>sperandamm</span> <span class='ocrx_word' id='word_1_127' title='bbox 989 1729 1326 1793; x_wconf 88' lang='lat' dir='ltr'>victoriam</span> <span class='ocrx_word' id='word_1_128' title='bbox 1348 1728 1746 1794; x_wconf 87' lang='lat' dir='ltr'>confortavit.</span> <span class='ocrx_word' id='word_1_129' title='bbox 1810 1730 2220 1793; x_wconf 87' lang='lat' dir='ltr'>Instruuntur</span> <span class='ocrx_word' id='word_1_130' title='bbox 2233 1741 2262 1771; x_wconf 82' lang='lat'>¹¹</span> <span class='ocrx_word' id='word_1_131' title='bbox 2283 1729 2513 1794; x_wconf 90' lang='lat' dir='ltr'>iterum</span> <span class='ocrx_word' id='word_1_132' title='bbox 2542 1733 2566 1759; x_wconf 90' lang='lat'><strong>*</strong></span> <span class='ocrx_word' id='word_1_133' title='bbox 2582 1730 2776 1813; x_wconf 89' lang='lat' dir='ltr'>acies,</span> 
     </span>
     <span class='ocr_line' id='line_1_18' title="bbox 532 1810 2778 1898; baseline -0.001 -19"><span class='ocrx_word' id='word_1_134' title='bbox 532 1823 594 1879; x_wconf 93' lang='lat' dir='ltr'>et</span> <span class='ocrx_word' id='word_1_135' title='bbox 611 1825 635 1856; x_wconf 92' lang='lat'><strong>⁰</strong></span> <span class='ocrx_word' id='word_1_136' title='bbox 693 1811 842 1875; x_wconf 90' lang='lat' dir='ltr'>hinc</span> <span class='ocrx_word' id='word_1_137' title='bbox 887 1811 1299 1898; x_wconf 86' lang='lat' dir='ltr'>Cunincpert,</span> <span class='ocrx_word' id='word_1_138' title='bbox 1359 1813 1508 1877; x_wconf 87' lang='lat' dir='ltr'>inde</span> <span class='ocrx_word' id='word_1_139' title='bbox 1552 1811 1777 1876; x_wconf 87' lang='lat' dir='ltr'>Alabis</span> <span class='ocrx_word' id='word_1_140' title='bbox 1835 1812 1917 1876; x_wconf 89' lang='lat' dir='ltr'>ad</span> <span class='ocrx_word' id='word_1_141' title='bbox 1935 1824 1964 1866; x_wconf 78' lang='grc' dir='ltr'><strong>Ρ</strong></span> <span class='ocrx_word' id='word_1_142' title='bbox 2006 1810 2161 1877; x_wconf 85' lang='lat' dir='ltr'>belli</span> <span class='ocrx_word' id='word_1_143' title='bbox 2203 1813 2552 1878; x_wconf 89' lang='lat' dir='ltr'>certamina</span> <span class='ocrx_word' id='word_1_144' title='bbox 2593 1835 2778 1898; x_wconf 90' lang='lat' dir='ltr'>prae-</span> 
     </span>
     <span class='ocr_line' id='line_1_19' title="bbox 528 1894 2780 1996; baseline 0 -36"><span class='ocrx_word' id='word_1_145' title='bbox 528 1905 854 1983; x_wconf 88' lang='lat' dir='ltr'>parantur.</span> <span class='ocrx_word' id='word_1_146' title='bbox 945 1894 1238 1981; x_wconf 91' lang='lat' dir='ltr'>Cumque</span> <span class='ocrx_word' id='word_1_147' title='bbox 1257 1908 1285 1950; x_wconf 79' lang='lat'>‘1</span> <span class='ocrx_word' id='word_1_148' title='bbox 1315 1897 1447 1960; x_wconf 85' lang='lat' dir='ltr'>iam</span> <span class='ocrx_word' id='word_1_149' title='bbox 1488 1915 1691 1981; x_wconf 91' lang='lat' dir='ltr'>prope</span> <span class='ocrx_word' id='word_1_150' title='bbox 1737 1905 1948 1961; x_wconf 89' lang='lat' dir='ltr'>essent</span> <span class='ocrx_word' id='word_1_151' title='bbox 1961 1907 2003 1978; x_wconf 72' lang='lat'>¹,</span> <span class='ocrx_word' id='word_1_152' title='bbox 2046 1906 2118 1961; x_wconf 89' lang='lat' dir='ltr'>ut</span> <span class='ocrx_word' id='word_1_153' title='bbox 2146 1919 2214 1960; x_wconf 90' lang='lat' dir='ltr'>se</span> <span class='ocrx_word' id='word_1_154' title='bbox 2256 1905 2563 1996; x_wconf 86' lang='lat' dir='ltr'>utraeque</span> <span class='ocrx_word' id='word_1_155' title='bbox 2605 1898 2780 1961; x_wconf 84' lang='lat' dir='ltr'>acies</span> 
     </span>
     <span class='ocr_line' id='line_1_20' title="bbox 529 1978 2779 2066; baseline 0 -22"><span class='ocrx_word' id='word_1_156' title='bbox 529 1980 614 2044; x_wconf 90' lang='lat' dir='ltr'>ad</span> <span class='ocrx_word' id='word_1_157' title='bbox 667 1978 1088 2066; x_wconf 86' lang='lat' dir='ltr'>pugnandum</span> <span class='ocrx_word' id='word_1_158' title='bbox 1146 1982 1619 2064; x_wconf 84' lang='lat' dir='ltr'>coniungerent,</span> <span class='ocrx_word' id='word_1_159' title='bbox 1683 1979 2076 2065; x_wconf 87' lang='lat' dir='ltr'>Cunincpert</span> <span class='ocrx_word' id='word_1_160' title='bbox 2117 1980 2202 2044; x_wconf 88' lang='lat' dir='ltr'>ad</span> <span class='ocrx_word' id='word_1_161' title='bbox 2218 1990 2242 2023; x_wconf 79' lang='lat'>⁸</span> <span class='ocrx_word' id='word_1_162' title='bbox 2285 1978 2508 2045; x_wconf 77' lang='lat' dir='ltr'>Alahls</span> <span class='ocrx_word' id='word_1_163' title='bbox 2550 1980 2779 2045; x_wconf 90' lang='lat' dir='ltr'>iterato</span> 
     </span>
     <span class='ocr_line' id='line_1_21' title="bbox 529 2062 2782 2150; baseline 0 -22"><span class='ocrx_word' id='word_1_164' title='bbox 529 2066 599 2128; x_wconf 93' lang='lat' dir='ltr'>in</span> <span class='ocrx_word' id='word_1_165' title='bbox 627 2063 787 2128; x_wconf 89' lang='lat' dir='ltr'>haec</span> <span class='ocrx_word' id='word_1_166' title='bbox 814 2064 1017 2128; x_wconf 88' lang='lat' dir='ltr'>verba</span> <span class='ocrx_word' id='word_1_167' title='bbox 1061 2062 1421 2128; x_wconf 84' lang='lat' dir='ltr'>mandavit:</span> <span class='ocrx_word' id='word_1_168' title='bbox 1467 2063 1682 2145; x_wconf 88' lang='lat' dir='ltr'>‘Ecce,</span> <span class='ocrx_word' id='word_1_169' title='bbox 1727 2072 1999 2148; x_wconf 89' lang='lat' dir='ltr'>quantus</span> <span class='ocrx_word' id='word_1_170' title='bbox 2016 2067 2035 2106; x_wconf 70' lang='lat'>‘</span> <span class='ocrx_word' id='word_1_171' title='bbox 2076 2063 2353 2150; x_wconf 88' lang='lat' dir='ltr'>populus</span> <span class='ocrx_word' id='word_1_172' title='bbox 2383 2087 2468 2129; x_wconf 90' lang='lat' dir='ltr'>ex</span> <span class='ocrx_word' id='word_1_173' title='bbox 2508 2073 2782 2149; x_wconf 86' lang='lat' dir='ltr'>utraque</span> 
     </span>
    </p>

    <p class='ocr_par' dir='ltr' id='par_1_6' title="bbox 578 2146 2783 2235">
     <span class='ocr_line' id='line_1_22' title="bbox 578 2146 2783 2235; baseline -0.001 -23"><span class='ocrx_word' id='word_1_174' title='bbox 578 2158 716 2213; x_wconf 92' lang='lat' dir='ltr'>arte</span> <span class='ocrx_word' id='word_1_175' title='bbox 760 2148 1080 2211; x_wconf 83' lang='lat' dir='ltr'>consistit!</span> <span class='ocrx_word' id='word_1_176' title='bbox 1160 2146 1335 2229; x_wconf 78' lang='lat' dir='ltr'>Quid</span> <span class='ocrx_word' id='word_1_177' title='bbox 1389 2169 1549 2233; x_wconf 92' lang='lat' dir='ltr'>opus</span> <span class='ocrx_word' id='word_1_178' title='bbox 1594 2156 1722 2229; x_wconf 89' lang='lat' dir='ltr'>est,</span> <span class='ocrx_word' id='word_1_179' title='bbox 1781 2157 1854 2211; x_wconf 90' lang='lat' dir='ltr'>ut</span> <span class='ocrx_word' id='word_1_180' title='bbox 1908 2156 2087 2212; x_wconf 89' lang='lat' dir='ltr'>tanta</span> <span class='ocrx_word' id='word_1_181' title='bbox 2127 2146 2467 2213; x_wconf 84' lang='lat' dir='ltr'>multitudo</span> <span class='ocrx_word' id='word_1_182' title='bbox 2510 2149 2783 2235; x_wconf 79' lang='lat' dir='ltr'>pereat?</span> 
     </span>
    </p>

    <p class='ocr_par' dir='ltr' id='par_1_7' title="bbox 534 2228 2782 2966">
     <span class='ocr_line' id='line_1_23' title="bbox 593 2228 2781 2317; baseline -0 -21"><span class='ocrx_word' id='word_1_183' title='bbox 593 2233 1020 2317; x_wconf 87' lang='lat' dir='ltr'>oniungamus</span> <span class='ocrx_word' id='word_1_184' title='bbox 1076 2252 1194 2295; x_wconf 92' lang='lat' dir='ltr'>nos</span> <span class='ocrx_word' id='word_1_185' title='bbox 1253 2252 1374 2316; x_wconf 90' lang='lat' dir='ltr'>ego</span> <span class='ocrx_word' id='word_1_186' title='bbox 1434 2241 1498 2296; x_wconf 91' lang='lat' dir='ltr'>et</span> <span class='ocrx_word' id='word_1_187' title='bbox 1551 2228 1655 2295; x_wconf 91' lang='lat' dir='ltr'>ille</span> <span class='ocrx_word' id='word_1_188' title='bbox 1711 2230 2018 2316; x_wconf 85' lang='lat' dir='ltr'>singulari</span> <span class='ocrx_word' id='word_1_189' title='bbox 2032 2243 2063 2273; x_wconf 85' lang='lat'>¹¹</span> <span class='ocrx_word' id='word_1_190' title='bbox 2108 2233 2486 2315; x_wconf 89' lang='lat' dir='ltr'>certamine,</span> <span class='ocrx_word' id='word_1_191' title='bbox 2557 2240 2620 2296; x_wconf 90' lang='lat' dir='ltr'>et</span> <span class='ocrx_word' id='word_1_192' title='bbox 2675 2233 2781 2295; x_wconf 91' lang='lat' dir='ltr'>cui</span> 
     </span>
     <span class='ocr_line' id='line_1_24' title="bbox 534 2313 2782 2398; baseline -0 -19"><span class='ocrx_word' id='word_1_193' title='bbox 534 2314 806 2380; x_wconf 87' lang='lat' dir='ltr'>voluerit</span> <span class='ocrx_word' id='word_1_194' title='bbox 846 2314 1167 2380; x_wconf 89' lang='lat' dir='ltr'>Dominus</span> <span class='ocrx_word' id='word_1_195' title='bbox 1198 2315 1277 2379; x_wconf 93' lang='lat' dir='ltr'>de</span> <span class='ocrx_word' id='word_1_196' title='bbox 1319 2315 1505 2380; x_wconf 87' lang='lat' dir='ltr'>nobis</span> <span class='ocrx_word' id='word_1_197' title='bbox 1551 2313 1823 2378; x_wconf 78' lang='lat' dir='ltr'>donarev</span> <span class='ocrx_word' id='word_1_198' title='bbox 1867 2315 2224 2398; x_wconf 86' lang='lat' dir='ltr'>victoriam,</span> <span class='ocrx_word' id='word_1_199' title='bbox 2268 2329 2567 2381; x_wconf 78' lang='lat' dir='ltr'>omnemw</span> <span class='ocrx_word' id='word_1_200' title='bbox 2608 2314 2782 2379; x_wconf 91' lang='lat' dir='ltr'>hunc</span> 
     </span>
     <span class='ocr_line' id='line_1_25' title="bbox 535 2396 2780 2496; baseline -0.001 -32"><span class='ocrx_word' id='word_1_201' title='bbox 535 2397 849 2486; x_wconf 86' lang='lat' dir='ltr'>populum</span> <span class='ocrx_word' id='word_1_202' title='bbox 901 2398 1196 2463; x_wconf 87' lang='lat' dir='ltr'>salvum¹</span> <span class='ocrx_word' id='word_1_203' title='bbox 1252 2407 1316 2462; x_wconf 92' lang='lat' dir='ltr'>et</span> <span class='ocrx_word' id='word_1_204' title='bbox 1373 2396 1757 2463; x_wconf 89' lang='lat' dir='ltr'>incolomem</span> <span class='ocrx_word' id='word_1_205' title='bbox 1798 2400 1937 2485; x_wconf 92' lang='lat' dir='ltr'>ipse</span> <span class='ocrx_word' id='word_1_206' title='bbox 1954 2411 1986 2453; x_wconf 72' lang='lat' dir='ltr'>Y</span> <span class='ocrx_word' id='word_1_207' title='bbox 2036 2399 2394 2486; x_wconf 86' lang='lat' dir='ltr'>possideat&#39;.</span> <span class='ocrx_word' id='word_1_208' title='bbox 2485 2399 2780 2496; x_wconf 86' lang='lat' dir='ltr'>Cumque</span> 
     </span>
     <span class='ocr_line' id='line_1_26' title="bbox 536 2481 2779 2569; baseline -0 -23"><span class='ocrx_word' id='word_1_209' title='bbox 536 2482 760 2546; x_wconf 82' lang='lat' dir='ltr'>Alabis</span> <span class='ocrx_word' id='word_1_210' title='bbox 819 2483 920 2546; x_wconf 90' lang='lat' dir='ltr'>sui</span> <span class='ocrx_word' id='word_1_211' title='bbox 937 2494 961 2524; x_wconf 82' lang='lat' dir='ltr'>z</span> <span class='ocrx_word' id='word_1_212' title='bbox 1020 2482 1424 2548; x_wconf 91' lang='lat' dir='ltr'>hortarentur</span> <span class='ocrx_word' id='word_1_213' title='bbox 1440 2531 1456 2564; x_wconf 88' lang='lat'>,</span> <span class='ocrx_word' id='word_1_214' title='bbox 1520 2491 1631 2546; x_wconf 70' lang='lat' dir='ltr'>ut⁸</span> <span class='ocrx_word' id='word_1_215' title='bbox 1690 2481 1930 2546; x_wconf 85' lang='lat' dir='ltr'>faceret</span> <span class='ocrx_word' id='word_1_216' title='bbox 2000 2483 2177 2569; x_wconf 90' lang='lat' dir='ltr'>quod</span> <span class='ocrx_word' id='word_1_217' title='bbox 2235 2481 2628 2568; x_wconf 90' lang='lat' dir='ltr'>Cunincpert</span> <span class='ocrx_word' id='word_1_218' title='bbox 2682 2481 2779 2545; x_wconf 86' lang='lat' dir='ltr'>1lli</span> 
     </span>
     <span class='ocr_line' id='line_1_27' title="bbox 535 2565 2779 2652; baseline 0 -23"><span class='ocrx_word' id='word_1_219' title='bbox 535 2566 894 2649; x_wconf 84' lang='lat' dir='ltr'>mandavit,</span> <span class='ocrx_word' id='word_1_220' title='bbox 954 2567 1092 2651; x_wconf 87' lang='lat' dir='ltr'>ipse</span> <span class='ocrx_word' id='word_1_221' title='bbox 1148 2566 1503 2652; x_wconf 87' lang='lat' dir='ltr'>respondit:</span> <span class='ocrx_word' id='word_1_222' title='bbox 1594 2565 1759 2630; x_wconf 90' lang='lat' dir='ltr'>‘Hoc</span> <span class='ocrx_word' id='word_1_223' title='bbox 1831 2565 2043 2631; x_wconf 85' lang='lat' dir='ltr'>facere</span> <span class='ocrx_word' id='word_1_224' title='bbox 2109 2588 2229 2652; x_wconf 90' lang='lat' dir='ltr'>ego</span> <span class='ocrx_word' id='word_1_225' title='bbox 2301 2587 2433 2630; x_wconf 92' lang='lat' dir='ltr'>non</span> <span class='ocrx_word' id='word_1_226' title='bbox 2542 2587 2779 2648; x_wconf 89' lang='lat' dir='ltr'>ossum,</span> 
     </span>
     <span class='ocr_line' id='line_1_28' title="bbox 538 2648 2780 2735; baseline -0.001 -21"><span class='ocrx_word' id='word_1_227' title='bbox 538 2651 690 2735; x_wconf 90' lang='lat' dir='ltr'>quia</span> <span class='ocrx_word' id='word_1_228' title='bbox 741 2650 906 2714; x_wconf 91' lang='lat' dir='ltr'>inter</span> <span class='ocrx_word' id='word_1_229' title='bbox 959 2660 1180 2716; x_wconf 89' lang='lat' dir='ltr'>contos</span> <span class='ocrx_word' id='word_1_230' title='bbox 1196 2652 1224 2693; x_wconf 74' lang='lat'>¹³</span> <span class='ocrx_word' id='word_1_231' title='bbox 1284 2673 1434 2715; x_wconf 87' lang='lat' dir='ltr'>suos</span> <span class='ocrx_word' id='word_1_232' title='bbox 1494 2651 1703 2714; x_wconf 88' lang='lat' dir='ltr'>sancti</span> <span class='ocrx_word' id='word_1_233' title='bbox 1751 2648 2158 2734; x_wconf 80' lang='lat' dir='ltr'>archangeli⁰</span> <span class='ocrx_word' id='word_1_234' title='bbox 2198 2649 2495 2714; x_wconf 84' lang='lat' dir='ltr'>Michahe</span> <span class='ocrx_word' id='word_1_235' title='bbox 2523 2650 2606 2733; x_wconf 78' lang='grc' dir='ltr'>ἐ,</span> <span class='ocrx_word' id='word_1_236' title='bbox 2664 2650 2780 2715; x_wconf 89' lang='lat' dir='ltr'>ubi</span> 
     </span>
     <span class='ocr_line' id='line_1_29' title="bbox 537 2731 2780 2819; baseline -0 -21"><span class='ocrx_word' id='word_1_237' title='bbox 537 2756 572 2798; x_wconf 95' lang='lat' dir='ltr'>e</span> <span class='ocrx_word' id='word_1_238' title='bbox 623 2754 659 2797; x_wconf 94' lang='lat' dir='ltr'>o</span> <span class='ocrx_word' id='word_1_239' title='bbox 715 2731 852 2795; x_wconf 75' lang='lat' dir='ltr'>illi‘¹</span> <span class='ocrx_word' id='word_1_240' title='bbox 915 2733 1154 2810; x_wconf 84' lang='lat' dir='ltr'>iuravi,</span> <span class='ocrx_word' id='word_1_241' title='bbox 1212 2734 1604 2819; x_wconf 64' lang='lat' dir='ltr'>imag-inemo</span> <span class='ocrx_word' id='word_1_242' title='bbox 1673 2734 2082 2819; x_wconf 81' lang='lat' dir='ltr'>conspicio’1.</span> <span class='ocrx_word' id='word_1_243' title='bbox 2191 2733 2376 2798; x_wconf 86' lang='lat' dir='ltr'>Tunc</span> <span class='ocrx_word' id='word_1_244' title='bbox 2433 2734 2637 2798; x_wconf 77' lang='lat' dir='ltr'>unusf</span> <span class='ocrx_word' id='word_1_245' title='bbox 2694 2755 2780 2797; x_wconf 88' lang='lat' dir='ltr'>ex</span> 
     </span>
     <span class='ocr_line' id='line_1_30' title="bbox 534 2755 2781 2966; baseline 0 -86"><span class='ocrx_word' id='word_1_246' title='bbox 534 2755 691 2880; x_wconf 64' lang='lat' dir='ltr'>iffis:</span> <span class='ocrx_word' id='word_1_247' title='bbox 779 2818 961 2881; x_wconf 84' lang='lat' dir='ltr'>‘Prae</span> <span class='ocrx_word' id='word_1_248' title='bbox 1004 2820 1281 2902; x_wconf 87' lang='lat' dir='ltr'>pavore&#39;,</span> <span class='ocrx_word' id='word_1_249' title='bbox 1324 2818 1551 2903; x_wconf 89' lang='lat' dir='ltr'>inquit,</span> <span class='ocrx_word' id='word_1_250' title='bbox 1598 2818 1822 2882; x_wconf 90' lang='lat' dir='ltr'>‘cernis</span> <span class='ocrx_word' id='word_1_251' title='bbox 1832 2816 2026 2966; x_wconf 56' lang='lat' dir='ltr'>guod</span> <span class='ocrx_word' id='word_1_252' title='bbox 2069 2838 2200 2882; x_wconf 90' lang='lat' dir='ltr'>non</span> <span class='ocrx_word' id='word_1_253' title='bbox 2227 2826 2356 2900; x_wconf 84' lang='lat' dir='ltr'>est3</span> <span class='ocrx_word' id='word_1_254' title='bbox 2400 2826 2466 2882; x_wconf 89' lang='lat' dir='ltr'>et</span> <span class='ocrx_word' id='word_1_255' title='bbox 2504 2817 2623 2883; x_wconf 90' lang='lat' dir='ltr'>tibi</span> <span class='ocrx_word' id='word_1_256' title='bbox 2646 2817 2781 2880; x_wconf 91' lang='lat' dir='ltr'>iam</span> 
     </span>
    </p>
   </div>
   <div class='ocr_carea' id='block_1_4' title="bbox 534 2898 2784 2987">
    <p class='ocr_par' dir='ltr' id='par_1_8' title="bbox 534 2898 2784 2987">
     <span class='ocr_line' id='line_1_31' title="bbox 534 2898 2784 2987; baseline 0 -22"><span class='ocrx_word' id='word_1_257' title='bbox 534 2898 717 2965; x_wconf 88' lang='lat' dir='ltr'>tarde</span> <span class='ocrx_word' id='word_1_258' title='bbox 783 2908 879 2964; x_wconf 86' lang='lat' dir='ltr'>est</span> <span class='ocrx_word' id='word_1_259' title='bbox 943 2899 1133 2965; x_wconf 87' lang='lat' dir='ltr'>modo</span> <span class='ocrx_word' id='word_1_260' title='bbox 1197 2901 1320 2964; x_wconf 90' lang='lat' dir='ltr'>ista</span> <span class='ocrx_word' id='word_1_261' title='bbox 1382 2899 1715 2965; x_wconf 89' lang='lat' dir='ltr'>meditari’.</span> <span class='ocrx_word' id='word_1_262' title='bbox 1891 2911 2269 2966; x_wconf 90' lang='lat' dir='ltr'>onseruntur</span> <span class='ocrx_word' id='word_1_263' title='bbox 2329 2903 2546 2987; x_wconf 88' lang='lat' dir='ltr'>itaque</span> <span class='ocrx_word' id='word_1_264' title='bbox 2610 2901 2784 2965; x_wconf 87' lang='lat' dir='ltr'>acies</span> 
     </span>
    </p>
   </div>
   <div class='ocr_carea' id='block_1_5' title="bbox 537 3096 2788 3505">
    <p class='ocr_par' dir='ltr' id='par_1_9' title="bbox 537 3096 2788 3505">
     <span class='ocr_line' id='line_1_32' title="bbox 539 3096 2785 3153; baseline 0.002 -16"><span class='ocrx_word' id='word_1_265' title='bbox 539 3096 585 3149; x_wconf 75' lang='lat' dir='ltr'>a)</span> <span class='ocrx_word' id='word_1_266' title='bbox 617 3100 857 3148; x_wconf 75' lang='lat' dir='ltr'>putaretur</span> <span class='ocrx_word' id='word_1_267' title='bbox 889 3117 941 3127; x_wconf 91' lang='lat'>—</span> <span class='ocrx_word' id='word_1_268' title='bbox 975 3106 1131 3146; x_wconf 78' lang='lat' dir='ltr'>regem</span> <span class='ocrx_word' id='word_1_269' title='bbox 1164 3106 1268 3139; x_wconf 80' lang='lat' dir='ltr'>esse</span> <span class='ocrx_word' id='word_1_270' title='bbox 1296 3098 1383 3138; x_wconf 69' lang='lat' dir='ltr'>dee.</span> <span class='ocrx_word' id='word_1_271' title='bbox 1415 3097 1451 3139; x_wconf 84' lang='lat' dir='ltr'>O</span> <span class='ocrx_word' id='word_1_272' title='bbox 1486 3101 1527 3140; x_wconf 91' lang='lat'>1.</span> <span class='ocrx_word' id='word_1_273' title='bbox 1662 3096 1711 3152; x_wconf 88' lang='lat' dir='ltr'>b)</span> <span class='ocrx_word' id='word_1_274' title='bbox 1743 3102 1883 3141; x_wconf 84' lang='lat' dir='ltr'>totius</span> <span class='ocrx_word' id='word_1_275' title='bbox 1912 3101 1951 3141; x_wconf 73' lang='lat' dir='ltr'><strong>F</strong></span> <span class='ocrx_word' id='word_1_276' title='bbox 1985 3102 2024 3140; x_wconf 91' lang='lat'>1.</span> <span class='ocrx_word' id='word_1_277' title='bbox 2071 3099 2114 3141; x_wconf 91' lang='lat' dir='ltr'>G</span> <span class='ocrx_word' id='word_1_278' title='bbox 2145 3103 2187 3141; x_wconf 90' lang='lat'>1.</span> <span class='ocrx_word' id='word_1_279' title='bbox 2223 3102 2263 3140; x_wconf 86' lang='grc'><strong>2.</strong></span> <span class='ocrx_word' id='word_1_280' title='bbox 2398 3098 2441 3153; x_wconf 89' lang='lat' dir='ltr'>c)</span> <span class='ocrx_word' id='word_1_281' title='bbox 2473 3101 2628 3141; x_wconf 70' lang='lat' dir='ltr'>desinit</span> <span class='ocrx_word' id='word_1_282' title='bbox 2656 3099 2700 3141; x_wconf 98' lang='lat' dir='ltr'>A</span> <span class='ocrx_word' id='word_1_283' title='bbox 2729 3100 2785 3151; x_wconf 69' lang='grc' dir='ltr'>ὃς</span> 
     </span>
     <span class='ocr_line' id='line_1_33' title="bbox 537 3154 2783 3211; baseline 0.002 -15"><span class='ocrx_word' id='word_1_284' title='bbox 537 3159 588 3197; x_wconf 77' lang='lat' dir='ltr'>in</span> <span class='ocrx_word' id='word_1_285' title='bbox 618 3154 661 3196; x_wconf 92' lang='lat' dir='ltr'>A</span> <span class='ocrx_word' id='word_1_286' title='bbox 693 3155 751 3197; x_wconf 69' lang='lat' dir='ltr'>ba</span> <span class='ocrx_word' id='word_1_287' title='bbox 789 3156 960 3206; x_wconf 75' lang='lat' dir='ltr'>reliqua</span> <span class='ocrx_word' id='word_1_288' title='bbox 989 3156 1224 3196; x_wconf 73' lang='lat' dir='ltr'>recentiore</span> <span class='ocrx_word' id='word_1_289' title='bbox 1252 3168 1389 3198; x_wconf 78' lang='lat' dir='ltr'>manu</span> <span class='ocrx_word' id='word_1_290' title='bbox 1419 3158 1571 3199; x_wconf 74' lang='lat' dir='ltr'>addita</span> <span class='ocrx_word' id='word_1_291' title='bbox 1600 3164 1721 3200; x_wconf 75' lang='lat' dir='ltr'>mm.</span> <span class='ocrx_word' id='word_1_292' title='bbox 1874 3156 1922 3211; x_wconf 89' lang='lat' dir='ltr'>d)</span> <span class='ocrx_word' id='word_1_293' title='bbox 1954 3159 2141 3200; x_wconf 76' lang='lat' dir='ltr'>senone</span> <span class='ocrx_word' id='word_1_294' title='bbox 2188 3157 2230 3198; x_wconf 89' lang='lat' dir='ltr'>A</span> <span class='ocrx_word' id='word_1_295' title='bbox 2261 3160 2303 3211; x_wconf 86' lang='lat'>1,</span> <span class='ocrx_word' id='word_1_296' title='bbox 2333 3159 2410 3199; x_wconf 73' lang='lat' dir='ltr'>ubi</span> <span class='ocrx_word' id='word_1_297' title='bbox 2438 3160 2481 3200; x_wconf 81' lang='lat' dir='ltr'>d.</span> <span class='ocrx_word' id='word_1_298' title='bbox 2515 3160 2546 3199; x_wconf 77' lang='grc' dir='ltr'><strong>ί.</strong></span> <span class='ocrx_word' id='word_1_299' title='bbox 2579 3159 2632 3200; x_wconf 80' lang='lat'>0.</span> <span class='ocrx_word' id='word_1_300' title='bbox 2666 3170 2705 3201; x_wconf 89' lang='lat' dir='ltr'>c.</span> <span class='ocrx_word' id='word_1_301' title='bbox 2738 3169 2783 3201; x_wconf 82' lang='lat' dir='ltr'>e.</span> 
     </span>
     <span class='ocr_line' id='line_1_34' title="bbox 539 3212 2788 3270; baseline 0.001 -15"><span class='ocrx_word' id='word_1_302' title='bbox 539 3226 629 3256; x_wconf 76' lang='lat' dir='ltr'>am.</span> <span class='ocrx_word' id='word_1_303' title='bbox 661 3216 746 3256; x_wconf 73' lang='lat' dir='ltr'>dee.</span> <span class='ocrx_word' id='word_1_304' title='bbox 869 3212 914 3267; x_wconf 89' lang='lat' dir='ltr'>e)</span> <span class='ocrx_word' id='word_1_305' title='bbox 941 3214 1161 3256; x_wconf 79' lang='lat' dir='ltr'>interficit</span> <span class='ocrx_word' id='word_1_306' title='bbox 1189 3215 1230 3256; x_wconf 87' lang='lat' dir='ltr'>A</span> <span class='ocrx_word' id='word_1_307' title='bbox 1264 3217 1305 3259; x_wconf 82' lang='lat'>2.</span> <span class='ocrx_word' id='word_1_308' title='bbox 1340 3215 1381 3257; x_wconf 98' lang='lat' dir='ltr'>G</span> <span class='ocrx_word' id='word_1_309' title='bbox 1402 3217 1475 3257; x_wconf 72' lang='lat' dir='ltr'>Ba.</span> <span class='ocrx_word' id='word_1_310' title='bbox 1505 3218 1552 3262; x_wconf 76' lang='lat'>4.</span> <span class='ocrx_word' id='word_1_311' title='bbox 1670 3216 1708 3270; x_wconf 80' lang='lat' dir='ltr'>f)</span> <span class='ocrx_word' id='word_1_312' title='bbox 1740 3219 2064 3259; x_wconf 75' lang='lat' dir='ltr'>incunctanter</span> <span class='ocrx_word' id='word_1_313' title='bbox 2095 3217 2132 3258; x_wconf 80' lang='lat'><em>0</em></span> <span class='ocrx_word' id='word_1_314' title='bbox 2161 3213 2224 3258; x_wconf 77' lang='lat'>‘1.</span> <span class='ocrx_word' id='word_1_315' title='bbox 2260 3219 2300 3257; x_wconf 91' lang='lat'>1.</span> <span class='ocrx_word' id='word_1_316' title='bbox 2420 3216 2468 3270; x_wconf 72' lang='lat' dir='ltr'>g)</span> <span class='ocrx_word' id='word_1_317' title='bbox 2500 3217 2788 3259; x_wconf 69' lang='lat' dir='ltr'>adclamaret</span> 
     </span>
     <span class='ocr_line' id='line_1_35' title="bbox 539 3269 2785 3328; baseline 0.001 -15"><span class='ocrx_word' id='word_1_318' title='bbox 539 3273 581 3313; x_wconf 86' lang='lat' dir='ltr'>A</span> <span class='ocrx_word' id='word_1_319' title='bbox 612 3275 655 3316; x_wconf 81' lang='lat'>8.</span> <span class='ocrx_word' id='word_1_320' title='bbox 688 3275 725 3315; x_wconf 72' lang='lat' dir='ltr'>P</span> <span class='ocrx_word' id='word_1_321' title='bbox 761 3276 802 3314; x_wconf 90' lang='grc'>1.</span> <span class='ocrx_word' id='word_1_322' title='bbox 835 3269 900 3316; x_wconf 68' lang='grc'><strong>’2.</strong></span> <span class='ocrx_word' id='word_1_323' title='bbox 933 3275 976 3317; x_wconf 81' lang='lat'>4.</span> <span class='ocrx_word' id='word_1_324' title='bbox 1013 3273 1079 3325; x_wconf 78' lang='lat' dir='ltr'>G3</span> <span class='ocrx_word' id='word_1_325' title='bbox 1126 3277 1286 3324; x_wconf 75' lang='lat' dir='ltr'>ageret</span> <span class='ocrx_word' id='word_1_326' title='bbox 1313 3276 1359 3316; x_wconf 87' lang='grc' dir='ltr'><strong>Η</strong></span> <span class='ocrx_word' id='word_1_327' title='bbox 1389 3276 1460 3319; x_wconf 69' lang='lat'>5⁸.</span> <span class='ocrx_word' id='word_1_328' title='bbox 1491 3277 1515 3316; x_wconf 92' lang='lat'>1</span> <span class='ocrx_word' id='word_1_329' title='bbox 1550 3278 1590 3317; x_wconf 86' lang='grc'><strong>2.</strong></span> <span class='ocrx_word' id='word_1_330' title='bbox 1739 3274 1789 3328; x_wconf 84' lang='lat' dir='ltr'>h)</span> <span class='ocrx_word' id='word_1_331' title='bbox 1821 3277 1885 3316; x_wconf 71' lang='lat' dir='ltr'>ita</span> <span class='ocrx_word' id='word_1_332' title='bbox 1915 3277 1958 3317; x_wconf 97' lang='lat' dir='ltr'>A</span> <span class='ocrx_word' id='word_1_333' title='bbox 1990 3278 2033 3318; x_wconf 93' lang='grc'><strong>2.</strong></span> <span class='ocrx_word' id='word_1_334' title='bbox 2064 3278 2102 3317; x_wconf 86' lang='grc' dir='ltr'>Β</span> <span class='ocrx_word' id='word_1_335' title='bbox 2139 3278 2182 3319; x_wconf 92' lang='grc'>1.</span> <span class='ocrx_word' id='word_1_336' title='bbox 2210 3276 2248 3317; x_wconf 72' lang='lat' dir='ltr'><strong>F</strong></span> <span class='ocrx_word' id='word_1_337' title='bbox 2284 3278 2323 3316; x_wconf 90' lang='lat'>1.</span> <span class='ocrx_word' id='word_1_338' title='bbox 2355 3276 2398 3318; x_wconf 90' lang='lat' dir='ltr'>G</span> <span class='ocrx_word' id='word_1_339' title='bbox 2430 3278 2469 3318; x_wconf 89' lang='lat'>1.</span> <span class='ocrx_word' id='word_1_340' title='bbox 2504 3278 2558 3326; x_wconf 77' lang='lat'>23</span> <span class='ocrx_word' id='word_1_341' title='bbox 2604 3278 2785 3318; x_wconf 80' lang='lat' dir='ltr'>occide-</span> 
     </span>
     <span class='ocr_line' id='line_1_36' title="bbox 539 3331 2786 3386; baseline 0.001 -12"><span class='ocrx_word' id='word_1_342' title='bbox 539 3344 692 3374; x_wconf 85' lang='lat' dir='ltr'>remus</span> <span class='ocrx_word' id='word_1_343' title='bbox 721 3334 862 3375; x_wconf 75' lang='lat' dir='ltr'>ceteri.</span> <span class='ocrx_word' id='word_1_344' title='bbox 1013 3331 1048 3384; x_wconf 84' lang='lat' dir='ltr'>i)</span> <span class='ocrx_word' id='word_1_345' title='bbox 1081 3343 1166 3383; x_wconf 82' lang='lat' dir='ltr'>per</span> <span class='ocrx_word' id='word_1_346' title='bbox 1195 3335 1375 3376; x_wconf 82' lang='lat' dir='ltr'>diverse</span> <span class='ocrx_word' id='word_1_347' title='bbox 1406 3334 1448 3375; x_wconf 89' lang='lat' dir='ltr'>A</span> <span class='ocrx_word' id='word_1_348' title='bbox 1482 3337 1533 3385; x_wconf 79' lang='lat'>23</span> <span class='ocrx_word' id='word_1_349' title='bbox 1578 3345 1628 3376; x_wconf 85' lang='lat' dir='ltr'>se</span> <span class='ocrx_word' id='word_1_350' title='bbox 1658 3347 1702 3386; x_wconf 85' lang='lat' dir='ltr'>p.</span> <span class='ocrx_word' id='word_1_351' title='bbox 1735 3334 1777 3375; x_wconf 88' lang='lat' dir='ltr'>G</span> <span class='ocrx_word' id='word_1_352' title='bbox 1805 3336 1836 3375; x_wconf 84' lang='lat'>4</span> <span class='ocrx_word' id='word_1_353' title='bbox 1865 3347 1886 3376; x_wconf 85' lang='lat' dir='ltr'>e</span> <span class='ocrx_word' id='word_1_354' title='bbox 1915 3347 2029 3378; x_wconf 75' lang='lat' dir='ltr'>corr.</span> <span class='ocrx_word' id='word_1_355' title='bbox 2061 3332 2124 3376; x_wconf 79' lang='lat'>⁸5.</span> <span class='ocrx_word' id='word_1_356' title='bbox 2158 3336 2238 3384; x_wconf 65' lang='grc' dir='ltr'>δας</span> <span class='ocrx_word' id='word_1_357' title='bbox 2283 3346 2331 3386; x_wconf 85' lang='lat' dir='ltr'>p.</span> <span class='ocrx_word' id='word_1_358' title='bbox 2363 3336 2608 3376; x_wconf 74' lang='lat' dir='ltr'>victoriam</span> <span class='ocrx_word' id='word_1_359' title='bbox 2641 3334 2685 3376; x_wconf 89' lang='lat' dir='ltr'>G</span> <span class='ocrx_word' id='word_1_360' title='bbox 2714 3336 2786 3378; x_wconf 71' lang='grc' dir='ltr'><strong>δα.</strong></span> 
     </span>
     <span class='ocr_line' id='line_1_37' title="bbox 543 3389 2788 3448; baseline 0.001 -16"><span class='ocrx_word' id='word_1_361' title='bbox 543 3414 595 3424; x_wconf 93' lang='lat'>-</span> <span class='ocrx_word' id='word_1_362' title='bbox 628 3403 712 3433; x_wconf 76' lang='lat' dir='ltr'>sno</span> <span class='ocrx_word' id='word_1_363' title='bbox 745 3390 787 3433; x_wconf 89' lang='lat' dir='ltr'>G</span> <span class='ocrx_word' id='word_1_364' title='bbox 819 3394 859 3435; x_wconf 87' lang='lat'>1.</span> <span class='ocrx_word' id='word_1_365' title='bbox 1008 3389 1059 3444; x_wconf 83' lang='lat' dir='ltr'>k)</span> <span class='ocrx_word' id='word_1_366' title='bbox 1092 3394 1137 3433; x_wconf 87' lang='lat' dir='ltr'>ei</span> <span class='ocrx_word' id='word_1_367' title='bbox 1166 3394 1205 3432; x_wconf 68' lang='lat' dir='ltr'>Is*</span> <span class='ocrx_word' id='word_1_368' title='bbox 1240 3395 1279 3433; x_wconf 91' lang='lat'>1.</span> <span class='ocrx_word' id='word_1_369' title='bbox 1430 3393 1467 3447; x_wconf 90' lang='lat'>1)</span> <span class='ocrx_word' id='word_1_370' title='bbox 1500 3394 1732 3435; x_wconf 76' lang='lat' dir='ltr'>sublatum</span> <span class='ocrx_word' id='word_1_371' title='bbox 1775 3395 1813 3434; x_wconf 73' lang='lat' dir='ltr'><strong>F</strong></span> <span class='ocrx_word' id='word_1_372' title='bbox 1847 3396 1886 3435; x_wconf 91' lang='lat'>1.</span> <span class='ocrx_word' id='word_1_373' title='bbox 2035 3393 2101 3448; x_wconf 88' lang='lat' dir='ltr'>m)</span> <span class='ocrx_word' id='word_1_374' title='bbox 2133 3395 2407 3444; x_wconf 67' lang='lat' dir='ltr'>patrandam</span> <span class='ocrx_word' id='word_1_375' title='bbox 2454 3393 2489 3436; x_wconf 85' lang='lat'><em>0</em></span> <span class='ocrx_word' id='word_1_376' title='bbox 2523 3396 2566 3437; x_wconf 90' lang='lat'>1.</span> <span class='ocrx_word' id='word_1_377' title='bbox 2599 3395 2639 3435; x_wconf 86' lang='grc'><strong>2.</strong></span> <span class='ocrx_word' id='word_1_378' title='bbox 2671 3394 2697 3433; x_wconf 96' lang='lat'>1</span> <span class='ocrx_word' id='word_1_379' title='bbox 2730 3395 2788 3446; x_wconf 64' lang='grc' dir='ltr'>ις</span> 
     </span>
     <span class='ocr_line' id='line_1_38' title="bbox 539 3449 2787 3505; baseline 0 -13"><span class='ocrx_word' id='word_1_380' title='bbox 539 3452 852 3502; x_wconf 71' lang='lat' dir='ltr'>peragendam</span> <span class='ocrx_word' id='word_1_381' title='bbox 884 3449 926 3492; x_wconf 89' lang='lat' dir='ltr'>G</span> <span class='ocrx_word' id='word_1_382' title='bbox 957 3452 1000 3492; x_wconf 77' lang='lat'>2.</span> <span class='ocrx_word' id='word_1_383' title='bbox 1120 3450 1171 3505; x_wconf 85' lang='lat' dir='ltr'>n)</span> <span class='ocrx_word' id='word_1_384' title='bbox 1205 3453 1449 3493; x_wconf 79' lang='lat' dir='ltr'>Instruunt</span> <span class='ocrx_word' id='word_1_385' title='bbox 1476 3454 1529 3495; x_wconf 77' lang='lat' dir='ltr'>F.</span> <span class='ocrx_word' id='word_1_386' title='bbox 1564 3452 1619 3494; x_wconf 92' lang='lat' dir='ltr'>G.</span> <span class='ocrx_word' id='word_1_387' title='bbox 1757 3450 1803 3504; x_wconf 92' lang='lat' dir='ltr'>o)</span> <span class='ocrx_word' id='word_1_388' title='bbox 1835 3456 1887 3494; x_wconf 83' lang='lat' dir='ltr'>ut</span> <span class='ocrx_word' id='word_1_389' title='bbox 1917 3452 1959 3492; x_wconf 88' lang='lat' dir='ltr'>A</span> <span class='ocrx_word' id='word_1_390' title='bbox 1993 3456 2044 3505; x_wconf 77' lang='lat'>13</span> <span class='ocrx_word' id='word_1_391' title='bbox 2074 3454 2186 3493; x_wconf 68' lang='lat' dir='ltr'>deest</span> <span class='ocrx_word' id='word_1_392' title='bbox 2215 3453 2254 3493; x_wconf 79' lang='lat' dir='ltr'><strong>E</strong></span> <span class='ocrx_word' id='word_1_393' title='bbox 2287 3454 2329 3494; x_wconf 86' lang='lat'>1.</span> <span class='ocrx_word' id='word_1_394' title='bbox 2464 3449 2516 3504; x_wconf 85' lang='lat' dir='ltr'>p)</span> <span class='ocrx_word' id='word_1_395' title='bbox 2548 3454 2607 3492; x_wconf 75' lang='lat' dir='ltr'>ad</span> <span class='ocrx_word' id='word_1_396' title='bbox 2639 3474 2691 3484; x_wconf 91' lang='lat'>—</span> <span class='ocrx_word' id='word_1_397' title='bbox 2727 3454 2787 3493; x_wconf 76' lang='lat' dir='ltr'>ad</span> 
     </span>
    </p>
   </div>
   <div class='ocr_carea' id='block_1_6' title="bbox 538 3508 2790 3856">
    <p class='ocr_par' dir='ltr' id='par_1_10' title="bbox 538 3508 2790 3856">
     <span class='ocr_line' id='line_1_39' title="bbox 538 3508 2790 3563; baseline 0.001 -13"><span class='ocrx_word' id='word_1_398' title='bbox 538 3510 703 3551; x_wconf 75' lang='lat' dir='ltr'>Alabis</span> <span class='ocrx_word' id='word_1_399' title='bbox 733 3511 818 3550; x_wconf 71' lang='lat' dir='ltr'>dee.</span> <span class='ocrx_word' id='word_1_400' title='bbox 849 3510 885 3553; x_wconf 81' lang='lat' dir='ltr'>C</span> <span class='ocrx_word' id='word_1_401' title='bbox 918 3512 961 3550; x_wconf 86' lang='lat'>1.</span> <span class='ocrx_word' id='word_1_402' title='bbox 1083 3508 1132 3563; x_wconf 90' lang='lat' dir='ltr'>q)</span> <span class='ocrx_word' id='word_1_403' title='bbox 1165 3522 1254 3560; x_wconf 84' lang='lat' dir='ltr'>que</span> <span class='ocrx_word' id='word_1_404' title='bbox 1284 3512 1395 3552; x_wconf 63' lang='lat' dir='ltr'>deest</span> <span class='ocrx_word' id='word_1_405' title='bbox 1423 3511 1528 3552; x_wconf 85' lang='lat' dir='ltr'>Bl.</span> <span class='ocrx_word' id='word_1_406' title='bbox 1562 3510 1661 3552; x_wconf 91' lang='lat' dir='ltr'>G1.</span> <span class='ocrx_word' id='word_1_407' title='bbox 1696 3512 1738 3552; x_wconf 91' lang='grc'><strong>2.</strong></span> <span class='ocrx_word' id='word_1_408' title='bbox 1778 3532 1823 3543; x_wconf 95' lang='grc'>-</span> <span class='ocrx_word' id='word_1_409' title='bbox 1859 3514 1953 3553; x_wconf 67' lang='lat' dir='ltr'>iam</span> <span class='ocrx_word' id='word_1_410' title='bbox 1984 3513 2095 3553; x_wconf 70' lang='lat' dir='ltr'>deese</span> <span class='ocrx_word' id='word_1_411' title='bbox 2127 3511 2179 3554; x_wconf 79' lang='grc' dir='ltr'><strong>Ο.</strong></span> <span class='ocrx_word' id='word_1_412' title='bbox 2209 3512 2268 3552; x_wconf 91' lang='lat' dir='ltr'>D.</span> <span class='ocrx_word' id='word_1_413' title='bbox 2390 3508 2430 3563; x_wconf 88' lang='lat' dir='ltr'>r)</span> <span class='ocrx_word' id='word_1_414' title='bbox 2460 3515 2582 3552; x_wconf 83' lang='lat' dir='ltr'>esset</span> <span class='ocrx_word' id='word_1_415' title='bbox 2613 3511 2696 3553; x_wconf 81' lang='lat' dir='ltr'>Gl</span> <span class='ocrx_word' id='word_1_416' title='bbox 2734 3510 2790 3562; x_wconf 67' lang='grc' dir='ltr'>ὅς</span> 
     </span>
     <span class='ocr_line' id='line_1_40' title="bbox 539 3567 2787 3623; baseline 0.001 -15"><span class='ocrx_word' id='word_1_417' title='bbox 539 3572 697 3611; x_wconf 81' lang='lat' dir='ltr'>essent</span> <span class='ocrx_word' id='word_1_418' title='bbox 725 3581 839 3611; x_wconf 81' lang='lat' dir='ltr'>corr.</span> <span class='ocrx_word' id='word_1_419' title='bbox 874 3572 995 3610; x_wconf 83' lang='lat' dir='ltr'>esset</span> <span class='ocrx_word' id='word_1_420' title='bbox 1022 3569 1061 3610; x_wconf 72' lang='lat' dir='ltr'><strong>P</strong></span> <span class='ocrx_word' id='word_1_421' title='bbox 1093 3571 1134 3611; x_wconf 84' lang='lat'>1.</span> <span class='ocrx_word' id='word_1_422' title='bbox 1170 3569 1207 3611; x_wconf 80' lang='lat' dir='ltr'>G</span> <span class='ocrx_word' id='word_1_423' title='bbox 1244 3571 1285 3611; x_wconf 86' lang='grc'><strong>2.</strong></span> <span class='ocrx_word' id='word_1_424' title='bbox 1409 3568 1450 3623; x_wconf 82' lang='lat' dir='ltr'>s)</span> <span class='ocrx_word' id='word_1_425' title='bbox 1481 3570 1594 3610; x_wconf 61' lang='lat' dir='ltr'>deest</span> <span class='ocrx_word' id='word_1_426' title='bbox 1626 3569 1757 3610; x_wconf 78' lang='lat' dir='ltr'>G3a.</span> <span class='ocrx_word' id='word_1_427' title='bbox 1791 3572 1834 3611; x_wconf 82' lang='lat'>4.</span> <span class='ocrx_word' id='word_1_428' title='bbox 1868 3571 1951 3612; x_wconf 82' lang='lat'>11.</span> <span class='ocrx_word' id='word_1_429' title='bbox 2072 3569 2109 3622; x_wconf 82' lang='lat' dir='ltr'>t)</span> <span class='ocrx_word' id='word_1_430' title='bbox 2142 3572 2363 3619; x_wconf 82' lang='lat' dir='ltr'>quantum</span> <span class='ocrx_word' id='word_1_431' title='bbox 2393 3570 2432 3610; x_wconf 73' lang='lat' dir='ltr'><strong>F</strong></span> <span class='ocrx_word' id='word_1_432' title='bbox 2451 3571 2493 3611; x_wconf 86' lang='lat'>1.</span> <span class='ocrx_word' id='word_1_433' title='bbox 2611 3567 2663 3622; x_wconf 90' lang='lat' dir='ltr'>u)</span> <span class='ocrx_word' id='word_1_434' title='bbox 2694 3570 2787 3611; x_wconf 77' lang='lat' dir='ltr'>ein-</span> 
     </span>
     <span class='ocr_line' id='line_1_41' title="bbox 540 3626 2785 3682; baseline 0.001 -15"><span class='ocrx_word' id='word_1_435' title='bbox 540 3628 639 3676; x_wconf 75' lang='lat' dir='ltr'>guli</span> <span class='ocrx_word' id='word_1_436' title='bbox 668 3639 783 3668; x_wconf 79' lang='lat' dir='ltr'>corr.</span> <span class='ocrx_word' id='word_1_437' title='bbox 817 3629 1046 3677; x_wconf 75' lang='lat' dir='ltr'>singulari</span> <span class='ocrx_word' id='word_1_438' title='bbox 1077 3627 1118 3668; x_wconf 87' lang='lat' dir='ltr'>A</span> <span class='ocrx_word' id='word_1_439' title='bbox 1152 3631 1191 3670; x_wconf 91' lang='lat'>1.</span> <span class='ocrx_word' id='word_1_440' title='bbox 1340 3626 1389 3682; x_wconf 82' lang='lat' dir='ltr'>v)</span> <span class='ocrx_word' id='word_1_441' title='bbox 1421 3630 1532 3669; x_wconf 80' lang='lat' dir='ltr'>dare</span> <span class='ocrx_word' id='word_1_442' title='bbox 1562 3630 1603 3670; x_wconf 87' lang='lat' dir='ltr'>A</span> <span class='ocrx_word' id='word_1_443' title='bbox 1636 3628 1693 3668; x_wconf 77' lang='lat'>2?</span> <span class='ocrx_word' id='word_1_444' title='bbox 1723 3629 1761 3668; x_wconf 87' lang='lat' dir='ltr'>B</span> <span class='ocrx_word' id='word_1_445' title='bbox 1796 3632 1867 3669; x_wconf 75' lang='lat' dir='ltr'>la.</span> <span class='ocrx_word' id='word_1_446' title='bbox 1902 3629 1953 3671; x_wconf 86' lang='lat' dir='ltr'>C.</span> <span class='ocrx_word' id='word_1_447' title='bbox 1989 3629 2047 3668; x_wconf 92' lang='lat' dir='ltr'>D.</span> <span class='ocrx_word' id='word_1_448' title='bbox 2080 3629 2117 3669; x_wconf 74' lang='lat' dir='ltr'><strong>F</strong></span> <span class='ocrx_word' id='word_1_449' title='bbox 2150 3628 2192 3669; x_wconf 81' lang='lat'>5.</span> <span class='ocrx_word' id='word_1_450' title='bbox 2225 3629 2249 3668; x_wconf 92' lang='lat'>1</span> <span class='ocrx_word' id='word_1_451' title='bbox 2282 3630 2322 3669; x_wconf 91' lang='lat'>1.</span> <span class='ocrx_word' id='word_1_452' title='bbox 2357 3630 2400 3669; x_wconf 87' lang='grc'><strong>2.</strong></span> <span class='ocrx_word' id='word_1_453' title='bbox 2553 3630 2613 3679; x_wconf 80' lang='lat' dir='ltr'>w)</span> <span class='ocrx_word' id='word_1_454' title='bbox 2646 3638 2785 3670; x_wconf 88' lang='lat' dir='ltr'>omne</span> 
     </span>
     <span class='ocr_line' id='line_1_42' title="bbox 538 3684 2785 3739; baseline 0.001 -14"><span class='ocrx_word' id='word_1_455' title='bbox 538 3686 577 3725; x_wconf 65' lang='lat'>1³</span> <span class='ocrx_word' id='word_1_456' title='bbox 611 3684 671 3725; x_wconf 76' lang='lat'>1?</span> <span class='ocrx_word' id='word_1_457' title='bbox 704 3684 916 3728; x_wconf 77' lang='lat' dir='ltr'>G1.2?</span> <span class='ocrx_word' id='word_1_458' title='bbox 1034 3686 1083 3739; x_wconf 84' lang='lat' dir='ltr'>x)</span> <span class='ocrx_word' id='word_1_459' title='bbox 1114 3698 1150 3727; x_wconf 77' lang='lat' dir='ltr'>e.</span> <span class='ocrx_word' id='word_1_460' title='bbox 1184 3690 1231 3728; x_wconf 84' lang='lat' dir='ltr'>et</span> <span class='ocrx_word' id='word_1_461' title='bbox 1260 3688 1345 3733; x_wconf 75' lang='lat' dir='ltr'>des,</span> <span class='ocrx_word' id='word_1_462' title='bbox 1380 3687 1526 3729; x_wconf 73' lang='lat' dir='ltr'>Gsa.</span> <span class='ocrx_word' id='word_1_463' title='bbox 1659 3686 1708 3738; x_wconf 84' lang='lat' dir='ltr'>y)</span> <span class='ocrx_word' id='word_1_464' title='bbox 1741 3686 1998 3727; x_wconf 72' lang='lat' dir='ltr'>deestAS.</span> <span class='ocrx_word' id='word_1_465' title='bbox 2135 3684 2180 3739; x_wconf 83' lang='lat' dir='ltr'>z)</span> <span class='ocrx_word' id='word_1_466' title='bbox 2212 3685 2457 3729; x_wconf 77' lang='lat' dir='ltr'>euisA2.</span> <span class='ocrx_word' id='word_1_467' title='bbox 2592 3684 2638 3739; x_wconf 73' lang='lat' dir='ltr'>a)</span> <span class='ocrx_word' id='word_1_468' title='bbox 2666 3691 2719 3728; x_wconf 77' lang='lat' dir='ltr'>ut</span> <span class='ocrx_word' id='word_1_469' title='bbox 2748 3688 2785 3727; x_wconf 77' lang='lat' dir='ltr'>f.</span> 
     </span>
     <span class='ocr_line' id='line_1_43' title="bbox 540 3741 2790 3798; baseline 0.001 -15"><span class='ocrx_word' id='word_1_470' title='bbox 540 3744 627 3784; x_wconf 68' lang='lat' dir='ltr'>des.</span> <span class='ocrx_word' id='word_1_471' title='bbox 663 3742 698 3784; x_wconf 85' lang='lat' dir='ltr'>C</span> <span class='ocrx_word' id='word_1_472' title='bbox 732 3746 773 3784; x_wconf 85' lang='lat'>1.</span> <span class='ocrx_word' id='word_1_473' title='bbox 809 3764 862 3775; x_wconf 95' lang='lat'><strong>—</strong></span> <span class='ocrx_word' id='word_1_474' title='bbox 895 3744 931 3784; x_wconf 82' lang='lat' dir='ltr'>f.</span> <span class='ocrx_word' id='word_1_475' title='bbox 965 3747 1011 3785; x_wconf 85' lang='lat' dir='ltr'>et</span> <span class='ocrx_word' id='word_1_476' title='bbox 1040 3746 1164 3794; x_wconf 86' lang='lat' dir='ltr'>quod</span> <span class='ocrx_word' id='word_1_477' title='bbox 1198 3745 1240 3786; x_wconf 91' lang='lat' dir='ltr'>G</span> <span class='ocrx_word' id='word_1_478' title='bbox 1271 3748 1315 3786; x_wconf 88' lang='lat'>1.</span> <span class='ocrx_word' id='word_1_479' title='bbox 1351 3748 1390 3789; x_wconf 86' lang='grc'><strong>2.</strong></span> <span class='ocrx_word' id='word_1_480' title='bbox 1509 3743 1560 3798; x_wconf 82' lang='lat' dir='ltr'>b)</span> <span class='ocrx_word' id='word_1_481' title='bbox 1594 3748 1783 3786; x_wconf 80' lang='lat' dir='ltr'>cunctos</span> <span class='ocrx_word' id='word_1_482' title='bbox 1814 3747 1857 3786; x_wconf 92' lang='lat' dir='ltr'>D</span> <span class='ocrx_word' id='word_1_483' title='bbox 1892 3748 1931 3785; x_wconf 90' lang='lat'>1.</span> <span class='ocrx_word' id='word_1_484' title='bbox 1966 3745 2007 3787; x_wconf 96' lang='lat' dir='ltr'>G</span> <span class='ocrx_word' id='word_1_485' title='bbox 2039 3747 2081 3786; x_wconf 88' lang='grc'><strong>2.</strong></span> <span class='ocrx_word' id='word_1_486' title='bbox 2114 3745 2188 3788; x_wconf 73' lang='lat' dir='ltr'>Ba.</span> <span class='ocrx_word' id='word_1_487' title='bbox 2222 3741 2283 3786; x_wconf 79' lang='lat'>‘5.</span> <span class='ocrx_word' id='word_1_488' title='bbox 2406 3744 2448 3797; x_wconf 89' lang='lat' dir='ltr'>c)</span> <span class='ocrx_word' id='word_1_489' title='bbox 2483 3746 2643 3795; x_wconf 72' lang='lat' dir='ltr'>angeli</span> <span class='ocrx_word' id='word_1_490' title='bbox 2672 3744 2790 3797; x_wconf 80' lang='lat' dir='ltr'>A8;</span> 
     </span>
     <span class='ocr_line' id='line_1_44' title="bbox 541 3800 2788 3856; baseline 0.003 -15"><span class='ocrx_word' id='word_1_491' title='bbox 541 3812 729 3851; x_wconf 75' lang='lat' dir='ltr'>areang.</span> <span class='ocrx_word' id='word_1_492' title='bbox 764 3800 806 3842; x_wconf 93' lang='lat' dir='ltr'>G</span> <span class='ocrx_word' id='word_1_493' title='bbox 838 3803 878 3841; x_wconf 91' lang='lat'>1.</span> <span class='ocrx_word' id='word_1_494' title='bbox 968 3800 1017 3855; x_wconf 82' lang='lat' dir='ltr'>d)</span> <span class='ocrx_word' id='word_1_495' title='bbox 1047 3804 1158 3843; x_wconf 66' lang='lat' dir='ltr'>deest</span> <span class='ocrx_word' id='word_1_496' title='bbox 1188 3802 1231 3842; x_wconf 87' lang='lat' dir='ltr'>A</span> <span class='ocrx_word' id='word_1_497' title='bbox 1262 3804 1313 3854; x_wconf 64' lang='grc' dir='ltr'>ὃς</span> <span class='ocrx_word' id='word_1_498' title='bbox 1343 3805 1428 3845; x_wconf 83' lang='lat' dir='ltr'>ille</span> <span class='ocrx_word' id='word_1_499' title='bbox 1462 3801 1502 3845; x_wconf 90' lang='lat' dir='ltr'>G</span> <span class='ocrx_word' id='word_1_500' title='bbox 1536 3806 1578 3845; x_wconf 85' lang='lat'>1.</span> <span class='ocrx_word' id='word_1_501' title='bbox 1614 3806 1655 3845; x_wconf 87' lang='grc'><strong>2.</strong></span> <span class='ocrx_word' id='word_1_502' title='bbox 1749 3801 1793 3856; x_wconf 91' lang='lat' dir='ltr'>e)</span> <span class='ocrx_word' id='word_1_503' title='bbox 1825 3805 2031 3854; x_wconf 75' lang='lat' dir='ltr'>imagine</span> <span class='ocrx_word' id='word_1_504' title='bbox 2060 3805 2098 3844; x_wconf 77' lang='lat' dir='ltr'><strong>F</strong></span> <span class='ocrx_word' id='word_1_505' title='bbox 2131 3806 2174 3844; x_wconf 90' lang='lat'>1.</span> <span class='ocrx_word' id='word_1_506' title='bbox 2210 3802 2250 3846; x_wconf 90' lang='lat' dir='ltr'>G</span> <span class='ocrx_word' id='word_1_507' title='bbox 2282 3805 2308 3845; x_wconf 97' lang='grc'><strong>2</strong></span> <span class='ocrx_word' id='word_1_508' title='bbox 2427 3803 2465 3856; x_wconf 75' lang='lat' dir='ltr'>f)</span> <span class='ocrx_word' id='word_1_509' title='bbox 2498 3815 2640 3845; x_wconf 86' lang='lat' dir='ltr'>unum</span> <span class='ocrx_word' id='word_1_510' title='bbox 2670 3805 2707 3845; x_wconf 74' lang='lat' dir='ltr'><strong>F</strong></span> <span class='ocrx_word' id='word_1_511' title='bbox 2743 3806 2788 3848; x_wconf 90' lang='lat'>1.</span> 
     </span>
    </p>
   </div>
   <div class='ocr_carea' id='block_1_7' title="bbox 543 3968 2792 4330">
    <p class='ocr_par' dir='ltr' id='par_1_11' title="bbox 543 3968 2792 4330">
     <span class='ocr_line' id='line_1_45' title="bbox 547 3968 2788 4041; baseline 0.002 -20"><span class='ocrx_word' id='word_1_512' title='bbox 547 3968 611 4038; x_wconf 88' lang='lat'>1)</span> <span class='ocrx_word' id='word_1_513' title='bbox 648 3969 935 4024; x_wconf 71' lang='lat' dir='ltr'>Notandue</span> <span class='ocrx_word' id='word_1_514' title='bbox 977 3970 1060 4022; x_wconf 79' lang='lat' dir='ltr'>hic</span> <span class='ocrx_word' id='word_1_515' title='bbox 1095 3986 1205 4021; x_wconf 73' lang='lat' dir='ltr'>mos</span> <span class='ocrx_word' id='word_1_516' title='bbox 1253 3976 1484 4023; x_wconf 79' lang='lat' dir='ltr'>veterum</span> <span class='ocrx_word' id='word_1_517' title='bbox 1520 3972 2003 4040; x_wconf 72' lang='lat' dir='ltr'>Lanqobardorum</span> <span class='ocrx_word' id='word_1_518' title='bbox 2042 3980 2305 4039; x_wconf 71' lang='lat' dir='ltr'>patronos</span> <span class='ocrx_word' id='word_1_519' title='bbox 2351 3973 2522 4041; x_wconf 69' lang='lat' dir='ltr'>yemis</span> <span class='ocrx_word' id='word_1_520' title='bbox 2559 3988 2691 4026; x_wconf 74' lang='lat' dir='ltr'>suae</span> <span class='ocrx_word' id='word_1_521' title='bbox 2727 3973 2788 4025; x_wconf 74' lang='grc' dir='ltr'>’ἱπ</span> 
     </span>
     <span class='ocr_line' id='line_1_46' title="bbox 544 4041 2789 4113; baseline 0.002 -19"><span class='ocrx_word' id='word_1_522' title='bbox 544 4042 709 4095; x_wconf 72' lang='lat' dir='ltr'>contio</span> <span class='ocrx_word' id='word_1_523' title='bbox 734 4042 963 4113; x_wconf 73' lang='lat' dir='ltr'>pinqere</span> <span class='ocrx_word' id='word_1_524' title='bbox 1001 4041 1288 4097; x_wconf 70' lang='lat' dir='ltr'>solitorum.</span> <span class='ocrx_word' id='word_1_525' title='bbox 1343 4043 1633 4111; x_wconf 68' lang='lat' dir='ltr'>Praeev‘qmi</span> <span class='ocrx_word' id='word_1_526' title='bbox 1665 4043 1879 4096; x_wconf 72' lang='lat' dir='ltr'>illorum</span> <span class='ocrx_word' id='word_1_527' title='bbox 1916 4046 2088 4097; x_wconf 72' lang='lat' dir='ltr'>cultus</span> <span class='ocrx_word' id='word_1_528' title='bbox 2113 4046 2172 4097; x_wconf 69' lang='lat' dir='ltr'>i‘n</span> <span class='ocrx_word' id='word_1_529' title='bbox 2198 4064 2242 4099; x_wconf 75' lang='lat' dir='ltr'>e.</span> <span class='ocrx_word' id='word_1_530' title='bbox 2279 4046 2595 4098; x_wconf 76' lang='lat' dir='ltr'>Michaelem</span> <span class='ocrx_word' id='word_1_531' title='bbox 2633 4046 2789 4099; x_wconf 76' lang='lat' dir='ltr'>arch-</span> 
     </span>
     <span class='ocr_line' id='line_1_47' title="bbox 546 4117 2792 4185; baseline 0.002 -19"><span class='ocrx_word' id='word_1_532' title='bbox 546 4119 810 4184; x_wconf 61' lang='lat' dir='ltr'>«angelum,</span> <span class='ocrx_word' id='word_1_533' title='bbox 853 4125 1075 4183; x_wconf 76' lang='lat' dir='ltr'>praeter</span> <span class='ocrx_word' id='word_1_534' title='bbox 1123 4117 1318 4182; x_wconf 77' lang='lat' dir='ltr'>templa</span> <span class='ocrx_word' id='word_1_535' title='bbox 1363 4117 1423 4168; x_wconf 77' lang='lat' dir='ltr'>in</span> <span class='ocrx_word' id='word_1_536' title='bbox 1472 4118 1583 4184; x_wconf 75' lang='lat' dir='ltr'>ejus</span> <span class='ocrx_word' id='word_1_537' title='bbox 1634 4118 1885 4171; x_wconf 71' lang='lat' dir='ltr'>honorem</span> <span class='ocrx_word' id='word_1_538' title='bbox 1936 4117 2168 4170; x_wconf 73' lang='lat' dir='ltr'>excitata</span> <span class='ocrx_word' id='word_1_539' title='bbox 2217 4127 2268 4172; x_wconf 80' lang='lat' dir='ltr'>et</span> <span class='ocrx_word' id='word_1_540' title='bbox 2321 4119 2575 4172; x_wconf 75' lang='lat' dir='ltr'>historica</span> <span class='ocrx_word' id='word_1_541' title='bbox 2615 4120 2792 4185; x_wconf 77' lang='lat' dir='ltr'>plura</span> 
     </span>
     <span class='ocr_line' id='line_1_48' title="bbox 544 4190 2792 4261; baseline 0.002 -22"><span class='ocrx_word' id='word_1_542' title='bbox 544 4198 896 4253; x_wconf 73' lang='lat' dir='ltr'>monmnenta,</span> <span class='ocrx_word' id='word_1_543' title='bbox 937 4198 1089 4242; x_wconf 72' lang='lat' dir='ltr'>testes</span> <span class='ocrx_word' id='word_1_544' title='bbox 1127 4190 1305 4242; x_wconf 76' lang='lat' dir='ltr'>adhuc</span> <span class='ocrx_word' id='word_1_545' title='bbox 1353 4198 1479 4241; x_wconf 75' lang='lat' dir='ltr'>sunt</span> <span class='ocrx_word' id='word_1_546' title='bbox 1537 4192 1742 4242; x_wconf 77' lang='lat' dir='ltr'>nummi</span> <span class='ocrx_word' id='word_1_547' title='bbox 1780 4191 1847 4242; x_wconf 81' lang='lat' dir='ltr'>ab</span> <span class='ocrx_word' id='word_1_548' title='bbox 1900 4207 1965 4243; x_wconf 84' lang='lat' dir='ltr'>ea</span> <span class='ocrx_word' id='word_1_549' title='bbox 1998 4200 2151 4261; x_wconf 73' lang='lat' dir='ltr'>yeme</span> <span class='ocrx_word' id='word_1_550' title='bbox 2197 4192 2398 4261; x_wconf 63' lang='lat' dir='ltr'>signati</span> <span class='ocrx_word' id='word_1_551' title='bbox 2445 4208 2604 4244; x_wconf 72' lang='lat' dir='ltr'>sacra</span> <span class='ocrx_word' id='word_1_552' title='bbox 2639 4191 2792 4256; x_wconf 61' lang='lat' dir='ltr'>illiue</span> 
     </span>
     <span class='ocr_line' id='line_1_49' title="bbox 543 4259 1867 4330; baseline 0.004 -20"><span class='ocrx_word' id='word_1_553' title='bbox 543 4259 777 4328; x_wconf 69' lang='lat' dir='ltr'>imagine</span> <span class='ocrx_word' id='word_1_554' title='bbox 812 4262 1024 4314; x_wconf 71' lang='lat' dir='ltr'>hastam</span> <span class='ocrx_word' id='word_1_555' title='bbox 1061 4270 1110 4314; x_wconf 79' lang='lat' dir='ltr'>et</span> <span class='ocrx_word' id='word_1_556' title='bbox 1146 4268 1354 4314; x_wconf 78' lang='lat' dir='ltr'>contum</span> <span class='ocrx_word' id='word_1_557' title='bbox 1390 4262 1695 4330; x_wconf 65' lang='lat' dir='ltr'>deferentis.</span> <span class='ocrx_word' id='word_1_558' title='bbox 1770 4265 1867 4315; x_wconf 87' lang='lat' dir='ltr'>BI.</span> 
     </span>
    </p>
   </div>
  </div>
 </body>
</html>
