3042 4909
460 416 682 468 PAULI
719 413 1073 467 HISTORIA
1108 414 1780 468 LANGOBARDORUM.
1855 416 1999 467 LIB.
2038 415 2135 468 IV.
2345 415 2451 466 155

203 587 397 650 etiam
442 581 924 648 Theudericus‘*
978 581 1302 669 quondam
1345 580 1707 647 Gothorum
1723 583 1752 624 ¹²
1791 603 1909 646 rex
1951 580 2259 667 palatium
2304 603 2452 653 con-

207 668 462 749 struxit,
506 687 624 752 pro
654 688 731 731 eo
763 664 935 751 quod
965 666 1206 731 aestivo
1235 674 1523 764 tempore
1551 663 1732 729 locus
1756 666 1915 750 ipse,
1947 674 2169 751 utpote
2198 665 2453 730 vicinus

207 749 487 836 Alpibus
502 763 546 833 ⁰,
591 759 981 835 temperatus
1022 769 1100 813 ac
1140 748 1409 813 salubrls
1454 749 1690 814 existit.

379 834 482 898 22.
568 833 671 899 Ibi
713 834 904 898 etiam
1004 832 1244 898 raefata
1283 833 1506 919 regina
1559 832 1684 898 sibi
1700 833 1729 876 ἃ
1786 830 2096 918 palatium
2149 831 2453 917 condidit,
2475 851 2571 906 (23)

203 919 276 983 in
320 939 449 1003 quo
492 915 718 1003 aliquit
735 928 760 959 θ
820 927 884 982 et
972 938 1006 981 e
1048 915 1624 1002 Langobardorum
1684 917 1880 1002 gestis
1899 916 1920 958 f
1976 916 2056 981 de
2103 916 2238 1003 ingi
2280 916 2452 982 fecit.

206 1002 289 1066 In
345 1022 474 1087 qua
529 1002 784 1086 pictura
839 1001 1173 1065 manifeste
1231 999 1615 1081 ostenditur,
1715 999 1993 1064 uomodo
2102 999 2457 1086 angobardi

208 1105 288 1150 eo
317 1093 606 1171 tempore
637 1105 888 1148 comam
931 1083 1159 1170 capitis
1188 1082 1556 1166 tondebant,
1600 1104 1681 1148 ve
1749 1081 1953 1170 qualis
1990 1082 2115 1148 illis
2131 1095 2161 1139 8
2188 1083 2456 1148 vestitus

210 1166 502 1255 qualisve
541 1168 793 1234 habitus
809 1169 836 1210 ὴ
881 1177 1033 1233 erat.
1123 1166 1454 1253 Siquidem
1499 1168 1846 1232 cervioemi
1887 1189 2093 1253 usque
2151 1166 2237 1232 ad
2294 1167 2456 1231 ocei-

258 1252 486 1316 itiumk
536 1251 832 1317 radentes
883 1250 1229 1332 nudabant,
1287 1249 1553 1336 capillos
1603 1272 1643 1314 a
1717 1250 1880 1315 facie
1944 1273 2147 1338 usque
2203 1250 2287 1314 ad
2347 1272 2418 1315 os
2433 1254 2456 1280 *

256 1336 537 1401 imissos¹
589 1335 929 1417 habentes,
993 1356 1154 1420 quos
1216 1335 1285 1398 in
1348 1342 1689 1420 utramque
1747 1342 2053 1420 partemm
2111 1336 2180 1398 in
2229 1333 2457 1398 frontis

207 1418 577 1484 discrimine
642 1417 1034 1483 dividebant.
1120 1418 1519 1483 Vestimenta
1571 1439 1725 1483 vero
1791 1418 1881 1482 eis
1946 1428 2127 1483 erant
2179 1415 2329 1481 laxa
2394 1428 2458 1482 et

210 1503 494 1567 maxime
522 1502 707 1584 linea,
739 1501 995 1589 qualia¹¹
1025 1499 1496 1588 Anglisaxones
1513 1513 1559 1546 ⁰·
1581 1514 1602 1548 1
1632 1501 1869 1566 habere
1891 1500 2113 1583 solent,
2142 1501 2411 1567 hornata
2426 1512 2455 1554 Ρ

206 1586 443 1651 institis
499 1584 832 1652 latioribus
889 1587 1072 1650 vario
1128 1584 1338 1651 colore
1395 1586 1730 1651 contextis.
1834 1584 2050 1650 Calcei
2110 1606 2264 1649 vero
2319 1585 2412 1650 eis
2428 1597 2456 1638 ⁴1

203 1679 390 1735 erant
423 1692 625 1756 usque
667 1670 752 1734 ad
795 1691 1115 1734 summum
1157 1667 1452 1755 pollicem
1495 1691 1660 1755 pene
1677 1682 1701 1712 Γ
1744 1669 1949 1754 aperti
1991 1678 2055 1733 et
2096 1667 2456 1733 alternatim

204 1752 456 1852 laqueis
521 1754 940 1839 corrigiarum
1000 1754 1248 1819 retenti.
1354 1752 1590 1818 Postea
1651 1773 1805 1818 vero
1873 1761 2221 1838 coeperunt
2284 1752 2414 1816 osis
2432 1763 2455 1794 ⁸

204 1848 307 1901 uti
418 1858 611 1923 super
718 1858 834 1901 uas
898 1837 1253 1924 equitantes
1323 1835 1635 1923 tubrugos
1659 1839 1678 1878 ⁸
1741 1833 1986 1901 birreos
2006 1847 2030 1882 ²
2097 1837 2454 1902 mittebant.

208 1885 342 1986 Sed
384 1920 506 1986 hoc
551 1921 631 1986 de
735 1942 1111 1986 omanorum
1154 1919 1613 1986 consuetudine
1629 1932 1658 1963 ¹¹
1701 1929 2046 1985 traxerant.

374 2006 476 2070 23.
493 2017 523 2048 v
609 2004 833 2093 Usque
886 2004 970 2069 ad
1022 2003 1182 2073 haec
1224 2013 1516 2090 tempora
1570 2003 1965 2068 PataviumW
2010 2003 2267 2085 civitas,
2330 2001 2455 2066 for·
2475 2013 2571 2067 (24)

206 2088 450 2155 tissime
493 2088 799 2155 militibus
834 2089 1359 2175 repugnantibus,
1400 2086 1842 2172 Langobardis
1885 2084 2235 2151 rebellavit.
2323 2085 2455 2150 Sed

207 2172 497 2256 tandem,
553 2172 785 2238 iniecto
839 2173 1003 2258 igni,
1063 2180 1197 2237 tota
1250 2170 1529 2235 flammis
1576 2168 1996 2235 vorantibus¹
2049 2179 2457 2234 concremata

208 2265 324 2337 est,
390 2266 453 2322 et
507 2257 685 2321 iussu
741 2257 911 2342 regis
962 2253 1224 2341 Agilulfi
1288 2254 1373 2319 ad
1436 2253 1644 2319 solum
1708 2273 1913 2340 usque
1964 2252 2286 2318 destructa
2338 2259 2454 2317 est.

355 2455 515 2506 rebus
558 2459 731 2508 sancti
769 2455 1026 2507 Iohannis
1083 2453 1230 2505 nullo
1288 2454 1448 2505 modo
1498 2467 1558 2504 se
1618 2452 1780 2504 debet
1835 2450 2030 2519 aliquis
2085 2452 2456 2515 intromittere,

357 2530 459 2581 nisi
496 2534 702 2580 tantum
742 2528 1067 2591 sacerdotes,
1107 2528 1199 2594 qui
1234 2527 1312 2578 ibi
1352 2526 1661 2578 deserviunt
1698 2524 1786 2577 die
1818 2541 1885 2576 ac
1922 2530 2100 2588 nocte,
2138 2530 2459 2591 tamquam?

355 2601 544 2652 famuli
579 2607 633 2654 et
674 2601 892 2665 famule,
933 2602 1026 2668 qui
1047 2601 1126 2651 ibi
1151 2601 1381 2652 subiecti
1419 2605 1559 2662 sunt,
1604 2601 1956 2652 communiter
1982 2598 2214 2649 debeant
2238 2597 2457 2650 vivere’.

272 2671 319 2739 *)
356 2675 403 2725 L
446 2676 473 2724 1
519 2673 702 2727 addit.-
740 2675 801 2725 id
839 2680 921 2726 est
960 2675 1204 2725 buccam.

206 2863 254 2916 a)
297 2864 547 2904 Pederlcus
578 2864 622 2905 A
651 2861 724 2914 '33
755 2864 826 2903 'rh
877 2884 930 2894 —
964 2862 1221 2903 construxit
1249 2863 1334 2902 dee.
1364 2862 1407 2902 D
1441 2863 1494 2911 83
1526 2871 1673 2901 eorum
1702 2862 1795 2901 loco
1825 2861 2004 2901 habene:
2049 2869 2161 2910 sepe
2194 2864 2456 2900 commane·

203 2923 286 2964 bat
315 2919 436 2963 D'S.
458 2924 547 2963 Ἔα.
581 2923 623 2966 3.
656 2923 701 2965 4.
735 2922 866 2974 (5-7
884 2922 921 2974 9)
957 2923 999 2962 8.
1020 2923 1060 2962 9.
1151 2918 1201 2971 b)
1236 2920 1511 2961 Gotthorum
1545 2920 1647 2962 Gl.
1742 2918 1783 2972 c)
1817 2919 2015 2971 Alpinus
2047 2918 2088 2958 A
2109 2920 2150 2960 2.
2254 2915 2301 2968 d)
2321 2928 2457 2959 suum

212 2982 259 3023 C.
296 2982 358 3023 D.
395 2982 436 3023 G
468 2983 520 3031 43
553 2993 599 3032 p.
633 2991 668 3023 s.
701 2981 743 3021 A
776 2983 814 3023 2.
937 2980 981 3032 e)
1014 2981 1078 3019 ita
1109 2978 1151 3019 A
1184 2981 1235 3029 13
1269 2980 1459 3030 aliquod
1489 2980 1527 3018 F
1562 2983 1604 3020 1.
1639 2978 1739 3030 Gl,
1771 2990 1886 3020 corr.
1919 2977 2097 3027 aliquid
2130 2976 2245 3027 (323
2279 2977 2459 3027 aliquot

211 3041 254 3082 G
286 3040 337 3090 ὅς
371 3041 552 3089 aliquid
582 3041 720 3080 ceteri.
841 3037 876 3090 f)
911 3040 1060 3089 gentis
1091 3037 1133 3077 A
1166 3040 1206 3078 1.
1240 3041 1295 3088 2;
1340 3042 1454 3087 gest.
1489 3059 1543 3069 —
1584 3040 1768 3089 pictura
1797 3038 1883 3080 des.
1913 3039 1953 3078 Β
1988 3040 2028 3076 1.
2061 3037 2115 3077 F.
2150 3035 2215 3085 (ὓς
2248 3036 2305 3075 de
2336 3035 2455 3075 Lan·

209 3100 427 3149 gobardis
458 3100 494 3139 F
525 3100 576 3149 43
609 3100 666 3139 de
696 3099 751 3140 L.
783 3099 961 3139 actibus
995 3097 1037 3138 G
1067 3097 1121 3147 ὃς
1157 3098 1320 3138 habitu
1344 3102 1446 3148 poet
1476 3098 1581 3138 add.
1614 3098 1652 3137 F
1687 3100 1735 3146 ις
1776 3098 1867 3138 tltu
1892 3100 1994 3145 post
2025 3096 2128 3135 add.
2164 3093 2206 3135 G
2240 3096 2280 3146 1,
2322 3099 2362 3134 et
2391 3094 2457 3134 ita

208 3160 246 3199 F
279 3158 330 3208 53
363 3169 450 3199 usu
474 3163 577 3208 poet
607 3158 707 3200 add.
742 3157 784 3199 G
818 3159 858 3199 2.
991 3156 1038 3209 g)
1071 3157 1182 3196 decet
1211 3157 1251 3196 B
1286 3158 1327 3207 1,
1357 3157 1457 3196 ubi:
1503 3156 1655 3205 qualis
1703 3155 1796 3197 vel.
1833 3178 1885 3187 —
1918 3156 1948 3196 i.
1980 3155 2165 3195 habitus
2210 3156 2293 3193 aut
2321 3153 2459 3193 vesti-

209 3222 283 3259 tus
314 3216 356 3257 A
388 3215 450 3259 ’3.
568 3215 617 3268 h)
650 3218 805 3257 abitus
835 3217 877 3256 A
910 3218 951 3257 1.
987 3217 1028 3257 2.
1167 3213 1204 3266 i)
1238 3216 1418 3255 cervice
1447 3213 1489 3253 A
1524 3216 1564 3266 2,
1596 3215 1711 3264 quoa
1739 3214 1789 3253 in
1818 3214 2043 3263 archetypo
2064 3212 2210 3262 juisse
2234 3213 2457 3261 putarim3

209 3277 268 3318 de
301 3276 482 3317 cervice
512 3276 550 3315 Ε
586 3278 639 3326 13
685 3274 838 3325 Seque
870 3275 927 3316 de
959 3274 1140 3316 cervice
1169 3274 1222 3315 F.
1258 3272 1327 3323 G3
1369 3274 1592 3313 verticem
1622 3276 1661 3315 B
1694 3274 1766 3312 la.
1901 3269 1950 3322 k)
1984 3271 2215 3321 occlplum
2247 3270 2282 3311 Ο
2315 3267 2378 3311 ’1.
2414 3271 2455 3313 2.

208 3337 252 3377 D
289 3336 329 3375 1.
361 3336 399 3375 F
433 3337 472 3378 1.
505 3333 547 3375 G
580 3337 621 3377 1.
654 3335 709 3384 43
752 3333 1056 3388 hoc(c)lpium
1089 3332 1124 3375 0
1157 3334 1198 3376 1.
1232 3331 1273 3373 G
1305 3333 1346 3373 8.
1495 3330 1532 3384 l)
1568 3331 1759 3371 dimisso
1803 3330 1844 3370 A
1876 3331 1917 3369 2.
1962 3330 2006 3370 D
2041 3331 2082 3372 1.
2114 3330 2152 3369 F
2185 3332 2226 3369 1.
2262 3328 2303 3368 G
2335 3331 2375 3381 1,
2407 3340 2457 3368 σω

210 3394 438 3444 archetypo
468 3398 516 3433 ut
547 3394 728 3434 videtur.
865 3390 929 3443 m)
962 3396 1157 3442 utraque
1206 3394 1338 3441 parte
1382 3389 1426 3430 A
1458 3389 1517 3430 1?
1563 3391 1620 3431 Ε.
1665 3390 1717 3430 F.
1752 3388 1806 3430 G.
1838 3389 1861 3428 1
1894 3390 1935 3430 2.
2090 3387 2139 3437 n)
2169 3387 2297 3437 quali
2341 3386 2383 3426 A
2418 3389 2455 3429 1.

210 3451 255 3504 o)
289 3453 435 3501 Angli
480 3451 679 3493 Saxores
710 3451 752 3491 A
784 3451 838 3502 8;
885 3450 1050 3501 Augus
1098 3450 1307 3491 Saxones
1340 3448 1382 3490 G
1413 3450 1455 3491 8.
1605 3446 1654 3500 p)
1685 3449 1750 3487 ita
1780 3446 1822 3487 A
1856 3450 1895 3487 1.
1932 3448 1975 3486 2.
2008 3443 2071 3487 ’2.
2102 3448 2146 3487 4.
2183 3445 2218 3486 Ο
2252 3447 2291 3486 1.
2325 3447 2368 3485 D
2404 3447 2452 3495 13

207 3512 407 3552 hortans
438 3511 479 3553 G
514 3511 650 3561 1-43
682 3514 955 3551 ornamenta
983 3511 1021 3550 B
1056 3510 1098 3550 2.
1130 3509 1153 3549 Ι
1186 3510 1237 3558 2;
1268 3508 1445 3548 ornatis
1474 3507 1518 3547 D
1552 3501 1646 3548 Ἔα.
1679 3507 1720 3546 4.
1844 3504 1891 3556 q)
1924 3506 2035 3545 deut
2065 3504 2107 3544 A
2139 3504 2183 3545 8.
2306 3502 2345 3554 r)
2380 3515 2457 3553 pe-

210 3572 283 3611 dis
318 3570 359 3612 G
394 3571 442 3620 13
489 3580 610 3620 pene
654 3581 769 3610 corr.
817 3569 950 3620 pedis
980 3569 1018 3608 F
1052 3570 1093 3610 1.
1243 3565 1283 3619 s)
1317 3566 1443 3607 hosis
1488 3563 1531 3604 A
1563 3566 1604 3605 3.
1637 3565 1672 3607 O
1704 3565 1777 3605 4b.
1809 3564 1853 3604 D
1886 3564 1928 3605 3.
1960 3564 1998 3603 F
2030 3562 2072 3603 5.
2108 3561 2149 3604 G
2183 3562 2315 3605 hab.
2346 3562 2370 3601 1
2402 3563 2456 3612 23

207 3630 357 3670 hossls
392 3628 433 3669 G
463 3629 542 3679 503
574 3628 690 3669 ossis
721 3627 762 3667 A
796 3626 857 3670 ’4.
892 3627 926 3669 C
961 3629 1001 3668 1.
1036 3628 1076 3678 2,
1108 3637 1130 3666 e
1158 3637 1274 3668 corr.
1305 3626 1343 3665 F
1379 3627 1424 3666 2.
1456 3646 1508 3655 -
1541 3625 1610 3664 utl
1641 3625 1751 3664 deest
1782 3623 1885 3663 As.
2006 3621 2042 3673 t)
2075 3621 2320 3670 tubrugros
2351 3620 2389 3661 A
2410 3621 2453 3660 8.

207 3689 250 3727 D
286 3688 337 3738 ὃς
370 3687 591 3737 tubugros
622 3687 665 3727 D
700 3687 741 3728 2.
775 3683 870 3727 Ἔα.
900 3689 953 3736 4;
997 3686 1213 3726 tubrucos
1244 3685 1285 3725 A
1316 3684 1360 3726 4.
1391 3685 1430 3724 E
1465 3686 1505 3724 1.
1536 3684 1582 3723 Η
1615 3685 1669 3733 13
1713 3682 1933 3731 trubugoe
1962 3682 2002 3722 B
2038 3681 2077 3721 1.
2117 3681 2186 3722 la.
2221 3681 2274 3728 23
2321 3682 2452 3728 tugu-

207 3748 315 3787 bros
348 3746 382 3788 C
419 3748 474 3796 23
504 3746 711 3795 tibi-ugos
742 3746 779 3784 F
812 3748 863 3796 13
895 3746 1102 3792 tiburgos
1133 3745 1169 3784 P
1201 3743 1253 3794 ὃς
1284 3744 1506 3795 tybrugos
1541 3742 1641 3783 Gl.
1676 3743 1720 3782 2.
1753 3741 1808 3790 4;
1840 3740 2060 3792 tybugros
2091 3740 2127 3778 F
2158 3740 2213 3789 43
2243 3738 2453 3788 tribugos

208 3806 251 3846 A
283 3806 324 3847 8.
359 3805 401 3847 G
434 3806 484 3855 ὃς
516 3805 718 3845 tribucos
749 3804 786 3843 F
821 3805 861 3845 2.
895 3803 936 3845 G
968 3804 1041 3856 5b,
1073 3808 1110 3843 ee
1140 3813 1161 3842 e
1191 3813 1306 3843 corr.
1339 3803 1378 3842 E
1398 3804 1447 3852 ις
1478 3802 1695 3843 trubucos
1730 3799 1771 3841 G
1792 3801 1863 3842 5c.
1986 3797 2035 3849 u)
2065 3799 2452 3839 consuetudinem

208 3865 244 3906 C
280 3868 320 3904 1.
354 3864 377 3904 Ι
409 3865 461 3913 2,
508 3864 864 3904 consuetudines
903 3864 941 3902 F
974 3864 1016 3905 1.
1050 3861 1092 3903 G
1125 3863 1165 3904 1.
1203 3862 1247 3902 8.
1280 3864 1333 3911 4;
1379 3862 1437 3903 de
1482 3860 1693 3901 Romana
1737 3870 1832 3901 non
1877 3858 1934 3898 de
1981 3868 2067 3897 sua
2097 3868 2134 3897 c.
2168 3858 2206 3898 B
2242 3859 2283 3898 1.
2319 3857 2363 3898 2.
2398 3877 2449 3886 -

206 3925 449 3964 traxerunt
480 3923 522 3963 D
541 3924 580 3962 2.
597 3922 638 3962 3.
658 3923 699 3963 6.
816 3920 863 3974 v)
897 3923 975 3961 hoc
1002 3932 1097 3971 cap.
1131 3917 1348 3964 om.A‘4.
1471 3918 1533 3971 w)
1565 3919 1811 3959 Patablum
1843 3917 1884 3958 G
1902 3918 1952 3966 23
1996 3917 2256 3956 Pictavlum
2287 3915 2330 3955 D
2350 3916 2389 3957 2.
2408 3915 2449 3955 8.

208 3980 259 4033 x)
292 3982 527 4023 vox-atibus
559 3980 601 4021 A
635 3981 677 4022 2.
798 3979 846 4033 y)
881 3984 1059 4022 tantum
1090 3980 1127 4019 Γ
1160 3976 1223 4022 ’2.
1257 3980 1330 4022 2ο..

211 4149 267 4217 1)
306 4150 516 4202 Paulus
546 4148 759 4215 primus
797 4153 872 4200 est
911 4147 1061 4215 apud
1110 4163 1262 4214 quem
1299 4146 1429 4199 haec
1477 4145 1696 4197 nomina
1751 4144 2028 4212 conjuncta
2068 4142 2347 4209 leqwntum
2385 4140 2454 4208 ef.

222 4222 315 4287 VI,
376 4223 461 4275 15.
537 4223 653 4274 BE.
837 4220 897 4286 2)
949 4218 1146 4273 Isidor.
1201 4219 1492 4286 Etymoloy.
1550 4218 1703 4282 XIX,
1744 4217 1839 4267 22:
1898 4217 2175 4267 Tubrucos
2232 4220 2455 4267 vocatos

209 4297 413 4360 dicunt,
452 4295 594 4363 quod
633 4296 799 4347 tibias
844 4295 1175 4360 braccaeque
1212 4298 1419 4359 tegant.
1494 4289 1729 4357 Papias.-
1779 4292 1980 4357 Byrrus
2016 4290 2184 4340 vestis
2223 4293 2306 4340 est
2342 4304 2454 4339 am-

206 4369 498 4439 phimallus
534 4368 775 4421 villosus.
850 4367 1050 4419 LIND.
