3042 4909
1278 160 1309 185 ⁴

508 365 576 413 62
819 364 1040 415 PAULI
1079 362 1431 416 HISTORIA
1469 362 2141 415 LANGOBARDORUM.
2220 363 2366 415 LIB.
2405 366 2449 415 Ι.

507 529 739 596 altiusa
767 533 1162 611 ammiratUS,
1188 551 1336 594 eum
1364 542 1673 615 magnum
1701 528 1988 595 futurum
2015 530 2402 616 pronuntiat.
2467 530 2755 618 Moxque

509 636 659 679 eum
702 637 742 678 a
781 615 1033 700 piscina
1073 612 1274 679 levari
1317 614 1665 700 praecepit,
1718 624 1911 700 atque
1953 613 2188 677 nutrici
2230 613 2536 679 traditum
2581 617 2756 678 omni

508 719 657 762 cum
699 697 951 762 studiob
996 696 1260 761 mandat
1305 696 1640 780 alendum3
1686 707 1749 762 et
1793 699 1946 785 quia
1974 720 2120 762 eum
2164 695 2243 761 de
2273 698 2539 783 piscina,
2634 720 2758 763 uae

507 802 730 846 eorum
786 779 1014 867 lingua
1079 780 1281 844 ‘lama'
1346 780 1656 863 dieiturl,
1728 780 2008 863 abstulit,
2070 780 2386 845 Lamissio
2400 793 2440 824 ⁰·
2461 792 2484 826 ²
2548 782 2608 846 ei
2654 804 2756 846 em

506 887 742 930 nomen
759 865 790 907 ‘¹
821 865 1124 950 inposuit.
1193 864 1324 944 Qui
1354 886 1503 928 oum
1533 864 1934 947 adolevisset,
1978 875 2111 931 tam
2128 876 2153 907 θ
2184 875 2478 930 strenuus
2506 865 2761 930 iuvenis

508 949 772 1013 effectus
816 958 930 1030 est,
973 948 1078 1012 utf
1120 957 1184 1013 et
1225 947 1752 1013 bellicosissimus
1794 949 2076 1014 extiterit
2103 957 2167 1014 et
2194 958 2343 1035 post
2368 947 2759 1033 Agelmundi

506 1031 700 1095 funus
744 1034 926 1117 regni
968 1029 1407 1116 gubernacula
1434 1033 1692 1097 rexerit.
1778 1033 2024 1098 Ferunt
2063 1032 2257 1115 huno,
2311 1032 2467 1097 dum
2507 1033 2759 1116 Lango-

506 1115 693 1181 bardi
737 1137 886 1179 oum
929 1138 998 1181 re
1046 1138 1080 1179 e
1125 1138 1242 1180 suo
1296 1117 1418 1181 iter
1473 1127 1734 1202 agentes
1776 1116 1862 1181 ad
1917 1116 2239 1203 quendam
2295 1115 2566 1181 fluvium
2617 1133 2763 1202 per-

505 1200 834 1264 venissent
875 1208 939 1263 et
979 1217 1018 1261 a
1106 1198 1544 1264 Amazonibus
1587 1210 1799 1266 essent
1847 1199 2158 1287 prohibiti
2198 1200 2368 1265 ultra
2409 1210 2761 1287 permeare,

509 1305 656 1347 oum
701 1305 921 1347 earum
964 1282 1312 1348 fortissima
1346 1284 1415 1347 in
1456 1283 1653 1349 fluvio
1681 1294 1903 1349 natatu
1932 1306 2256 1371 pugnasse
2285 1306 2553 1369 eamque
2581 1306 2760 1369 pere-

506 1369 720 1448 misse,
750 1368 875 1433 sibi
922 1389 1004 1431 ue
1046 1365 1256 1430 laudis
1285 1365 1576 1452 gloriam,
1605 1367 2053 1453 Langobardis
2085 1389 2341 1454 quoque
2370 1368 2711 1432 transitum
2728 1378 2758 1421 8
2823 1405 2838 1425 -.

505 1450 856 1535 paravisse.
977 1471 1053 1513 oc
1076 1449 1394 1537 siquidem
1413 1452 1580 1514 inter
1608 1460 1912 1537 utrasque
1940 1451 2112 1516 acies
2139 1452 2318 1537 prius
2349 1451 2759 1533 constitisseh‚

510 1541 843 1618 quatenuS,
890 1534 944 1597 si
986 1531 1312 1598 Amazoni
1372 1533 1644 1599 eadem¹¹
1687 1534 2155 1598 Lamissionem
2197 1544 2543 1618 superaret,
2585 1533 2751 1597 Lan-

551 1615 777 1681 obardi
804 1618 877 1680 a¹
905 1615 1169 1682 flumine
1198 1616 1596 1699 recederent3
1642 1618 1794 1681 sinm
1828 1639 1985 1682 vero
2017 1630 2097 1681 a¹¹
2125 1617 2543 1699 Lamissione,
2588 1626 2660 1680 ut
2688 1625 2754 1681 et

532 1710 747 1765 aetum
809 1708 937 1782 est,
995 1702 1138 1786 ipsa
1177 1700 1569 1784 vinceretur,
1612 1700 2059 1785 Langobardis
2115 1699 2340 1765 eadem
2382 1698 2755 1785 permeandi

508 1783 748 1848 fluenta
766 1798 771 1804 ’
791 1784 979 1870 eopia
1020 1784 1436 1870 praeberetur
1449 1794 1493 1847 ³.
1583 1782 1891 1850 Constat⁰
1934 1808 2107 1868 sane,
2192 1784 2301 1848 uia
2328 1783 2515 1847 huius
2558 1804 2760 1846 asser-

506 1868 700 1933 tionis
744 1870 940 1933 series
993 1867 1204 1931 minus
1252 1868 1519 1933 veritate
1572 1868 1851 1933 subnixa
1906 1880 2003 1935 est
2014 1879 2060 1933 ⁰.
2212 1867 2472 1932 mnibus
2521 1866 2756 1931 etenim

509 1950 743 2037 quibus
771 1960 1018 2017 veteres
1061 1950 1361 2016 historiae
1402 1960 1594 2016 notae
1639 1961 1787 2016 sunt
1826 1961 2024 2038 patet,
2066 1962 2324 2037 gentem
2351 1949 2757 2014 Amazonum

503 2034 737 2120 longe?
779 2043 985 2117 antea,
1049 2056 1245 2121 quam
1286 2035 1446 2100 haec
1489 2034 1629 2100 fieri
1671 2036 2045 2122 potuerinta,
2104 2057 2243 2100 esse
2287 2034 2589 2116 deletam3
2632 2035 2764 2097 nisi.
2839 2037 2845 2043 '

506 2119 690 2202 forte,
735 2120 887 2205 quia
926 2117 1070 2183 loca
1128 2119 1371 2203 eadem,
1422 2118 1536 2183 ubi
1591 2119 1749 2184 haee
1805 2129 1989 2206 gesta
2042 2120 2363 2201 feruntur,
2415 2140 2548 2182 non
2604 2118 2756 2182 satis

502 2202 1031 2289 historiographis
1072 2211 1224 2267 nota
1263 2204 1524 2267 fuerunt
1564 2212 1628 2267 et
1668 2205 1786 2268 vix
1827 2201 1911 2268 ab
1968 2203 2183 2292 aliquo
2229 2224 2449 2268 eorum
2491 2200 2757 2286 vulgata

506 2297 676 2369 sunt,
719 2286 861 2351 fieri
902 2288 1199 2373 potuerit,
1243 2297 1314 2352 ut
1345 2308 1551 2374 usque
1579 2286 1666 2351 ad
1705 2287 1775 2352 id
1815 2297 2070 2374 tempus
2111 2284 2557 2352 huiuscemodi
2594 2284 2759 2350 inibi

505 2370 844 2436 mulierum
887 2393 1093 2456 genus
1135 2370 1501 2437 haberetur.
1587 2370 1756 2435 Nam
1786 2382 1852 2436 et
1879 2393 1999 2457 ego
2025 2372 2250 2437 referri
2288 2393 2329 2435 a
2371 2368 2758 2457 quibusdam

505 2454 748 2538 audivi,
802 2476 1007 2541 usque
1060 2454 1251 2519 hodie
1308 2456 1412 2518 inr
1466 2455 1710 2520 intimis
1765 2455 2149 2522 Germaniae
2203 2453 2442 2520 finibus
2496 2462 2755 2540 gentem

505 2538 736 2603 harum
779 2540 1056 2604 existere
1096 2538 1477 2603 feminarum
1486 2548 1536 2601 ⁴.

574 2637 583 2646 “
679 2622 776 2686 16.
859 2622 1070 2707 Igitur
1083 2632 1108 2667 ⁵
1161 2631 1546 2686 transmeato
1605 2621 2018 2708 Langobardi
2076 2621 2158 2687 de
2215 2643 2342 2707 quo
2387 2620 2754 2686 dixeramus

504 2703 800 2788 flumine,
844 2726 992 2768 oum
1023 2705 1106 2768 ad
1148 2704 1481 2770 ulteriores
1508 2713 1711 2769 terras
1740 2706 2238 2790 pervenissem,
2279 2703 2410 2768 illio
2438 2726 2556 2789 per
2596 2713 2754 2769 tem-

508 2864 554 2917 a)
588 2866 727 2906 alitus
761 2863 804 2905 G
835 2867 884 2914 13
915 2866 1029 2904 deest
1063 2864 1104 2905 G
1135 2865 1184 2913 23
1217 2865 1250 2905 f.
1283 2865 1378 2905 tale
1411 2875 1455 2904 a.
1487 2865 1618 2907 G5c.
1702 2894 1708 2897 -
1739 2864 1787 2919 b)
1821 2877 1862 2906 ο.
1895 2867 2136 2907 constudio
2168 2866 2207 2905 B
2228 2867 2276 2915 2;
2309 2876 2351 2907 o.
2386 2866 2595 2906 custodia
2624 2862 2746 2905 A‘4.

507 2924 550 2965 5.
601 2924 636 2965 Ο
670 2925 712 2964 2.
759 2925 798 2963 Ε
834 2926 875 2963 1.
922 2925 960 2963 F
993 2925 1034 2963 2.
1080 2923 1105 2962 1
1137 2925 1187 2971 13
1236 2933 1264 2962 o
1297 2934 1402 2963 eum
1449 2926 1658 2965 custodia
1700 2926 1739 2965 F
1771 2925 1814 2967 8.
1865 2924 1907 2965 G
1939 2927 1979 2965 2.
2131 2922 2174 2976 o)
2205 2924 2410 2964 Lamisio
2454 2925 2493 2964 B
2528 2925 2568 2963 1.
2616 2923 2659 2965 G
2689 2920 2751 2966 ·5.

507 2981 555 3035 d)
584 2983 786 3032 posthaec
816 2982 865 3022 in
895 2980 938 3021 A
965 2985 989 3022 1
1012 2981 1176 3030 solium
1207 2982 1358 3021 midic
1387 2992 1523 3032 usque
1553 2985 1612 3023 ad
1640 2994 1736 3033 cap.
1758 2985 1811 3025 17
1832 2984 1918 3035 fin.
1953 2984 2009 3024 de
2039 2982 2242 3024 hostium
2274 2994 2379 3024 exu.
2502 2985 2547 3035 e)
2580 2986 2628 3023 et
2649 2983 2751 3022 iam

504 3039 547 3080 A
577 3037 639 3081 *2.
674 3042 726 3090 2;
758 3041 824 3080 ita
851 3041 907 3082 B.
935 3041 973 3080 P
1005 3043 1029 3080 1
1064 3051 1085 3079 e
1114 3047 1228 3082 corr.
1259 3041 1299 3080 2.
1335 3041 1375 3080 3.
1408 3041 1462 3090 43
1494 3052 1549 3082 eo
1584 3042 1618 3083 C
1651 3045 1675 3082 1
1710 3063 1764 3074 —
1799 3043 1840 3083 3.
1887 3043 1946 3084 D.
1979 3044 2003 3083 1
2037 3042 2248 3093 1;‚adeo
2282 3042 2317 3083 Ο
2348 3043 2391 3083 4.
2426 3041 2469 3084 5.
2500 3042 2525 3081 1
2558 3042 2609 3091 23
2639 3042 2752 3081 deest

503 3101 541 3140 P
574 3100 614 3140 5.
650 3098 691 3140 G
726 3098 854 3141 1-5.
884 3100 929 3139 Η
962 3101 1000 3143 1.
1136 3097 1174 3150 f)
1206 3099 1317 3138 deest
1347 3098 1402 3140 G.
1434 3100 1479 3140 Η
1512 3102 1562 3151 13
1603 3102 1819 3142 extiterat
1852 3124 1905 3132 —
1935 3104 2120 3142 rexerat
2151 3100 2193 3142 G
2223 3102 2265 3141 2.
2299 3101 2347 3150 63
2379 3101 2532 3140 extitit
2563 3099 2606 3140 G
2634 3102 2676 3142 4.
2707 3099 2752 3146 5.

490 3159 548 3199 ‘H
580 3160 637 3208 13
685 3162 733 3198 et
764 3158 888 3199 rexit
933 3157 969 3198 G
1003 3158 1047 3198 3.
1094 3157 1133 3197 F
1166 3159 1209 3201 2.
1257 3156 1298 3198 G
1328 3158 1371 3201 4.
1406 3158 1447 3199 5.
1599 3157 1648 3211 g)
1695 3161 1892 3201 transitu
1936 3172 2051 3200 corr.
2090 3160 2336 3200 transitum
2379 3160 2417 3199 F
2465 3160 2506 3199 1.
2554 3158 2597 3199 G
2629 3161 2669 3200 1.
2704 3160 2747 3204 2.

451 3236 455 3240 -
504 3215 554 3269 h)
588 3217 874 3258 constitisset
903 3218 940 3256 F
959 3218 1000 3257 1.
1035 3215 1144 3266 G23
1179 3217 1495 3258 constituisset
1527 3217 1568 3259 G
1598 3219 1640 3259 3.
1659 3219 1716 3268 4;
1748 3219 2084 3260 constituerunt
2114 3230 2135 3258 e
2165 3230 2280 3260 corr.
2315 3217 2356 3258 G
2388 3220 2428 3260 1.
2547 3215 2584 3269 i)
2615 3213 2751 3261 Aina-

506 3286 625 3316 zona
653 3275 678 3315 1
711 3278 752 3315 1.
869 3273 920 3327 k)
954 3276 1152 3316 eundem
1196 3274 1238 3314 A
1270 3273 1333 3319 ‘3.
1376 3276 1416 3316 5.
1449 3277 1491 3317 6.
1526 3276 1561 3318 0
1594 3278 1634 3317 1.
1667 3277 1706 3318 E
1742 3279 1783 3321 1.
1824 3279 1861 3317 F
1893 3279 1935 3319 2.
1966 3279 2012 3322 4.
2053 3276 2094 3319 G
2127 3279 2166 3319 2.
2199 3278 2242 3319 5.
2280 3277 2326 3317 H
2358 3278 2408 3327 13
2441 3278 2605 3319 eadem
2633 3289 2748 3323 corr.

504 3335 705 3376 ‘eundem
736 3333 780 3374 A
809 3330 871 3375 ⁶3.
902 3336 941 3375 B
974 3335 1024 3385 83
1067 3334 1231 3375 eodem
1275 3334 1316 3375 G
1348 3335 1389 3386 3,
1421 3346 1537 3377 corr.
1580 3336 1778 3377 eundem
1810 3336 1851 3377 G
1885 3339 1925 3380 1.
2059 3334 2095 3388 l)
2129 3336 2189 3377 ad
2217 3337 2256 3375 F
2290 3339 2333 3377 1.
2470 3334 2535 3388 m)
2569 3338 2608 3376 si
2637 3338 2676 3377 F
2708 3338 2746 3378 1.

504 3392 557 3446 n)
588 3394 648 3434 ad
676 3394 972 3434 Lamisonem
1002 3395 1040 3433 F
1075 3396 1123 3443 13
1154 3394 1494 3434 Lamissionem
1528 3393 1569 3436 G
1600 3395 1638 3435 3.
1673 3396 1714 3436 4.
1808 3394 1855 3447 o)
1885 3396 2076 3437 Constat
2108 3418 2160 3427 —
2193 3398 2263 3436 est
2291 3396 2379 3437 dee.
2392 3395 2452 3436 D.
2543 3394 2594 3448 p)
2610 3396 2751 3446 longe

505 3469 559 3483 -ο
593 3454 828 3503 potuerint
856 3454 942 3493 des.
975 3453 1011 3494 O
1045 3454 1085 3495 2.
1221 3450 1269 3504 q)
1299 3456 1555 3502 potuerunt
1597 3453 1647 3497 Ο.
1678 3455 1745 3503 D;
1790 3455 1992 3504 potuerit
2036 3455 2073 3494 F
2109 3455 2149 3497 1.
2199 3453 2240 3495 G
2273 3455 2313 3499 1,
2346 3454 2387 3497 3.
2417 3455 2461 3496 4.
2494 3453 2536 3497 5.
2569 3456 2609 3496 6·-
2642 3456 2666 3495 Ι
2698 3455 2750 3506 83

502 3511 548 3557 h.
578 3511 745 3553 fierent
773 3513 812 3552 B
847 3513 889 3553 1.
1012 3510 1053 3563 r)
1085 3513 1198 3552 deest
1227 3513 1268 3551 A
1301 3512 1342 3551 2.
1381 3512 1451 3553 za.
1485 3508 1547 3553 ⁸8.
1581 3512 1622 3553 G
1653 3513 1697 3554 3.
1831 3512 1871 3565 s)
1900 3514 2190 3564 pervenisset
2218 3513 2256 3552 F
2291 3514 2332 3554 1.
2368 3512 2409 3553 G
2441 3515 2483 3555 1.

507 3656 564 3727 1)
603 3659 788 3713 Vocem
824 3661 983 3712 etiam
1022 3661 1172 3727 apud
1208 3659 1426 3713 Festum
1455 3662 1713 3728 reperies:
1753 3663 1996 3727 Lacuna,
2036 3679 2211 3731 aquae
2252 3663 2521 3728 collectio,
2560 3680 2594 3716 a
2618 3665 2745 3718 lacu

505 3732 794 3797 derivatur,
834 3749 996 3799 quam
1033 3733 1130 3784 alii
1161 3731 1381 3799 lamam,
1420 3734 1516 3786 alii
1551 3735 1776 3788 lustrum
1815 3735 2018 3788 dieunt.
2074 3736 2274 3788 LIND.
2334 3735 2413 3802 (ff.
2440 3737 2492 3789 J.
2522 3737 2739 3802 Grimm,

508 3804 572 3857 G.
592 3805 648 3857 d.
680 3804 751 3857 D.
772 3804 901 3870 δρψ.
924 3803 982 3857 S.
1021 3806 1128 3855 694
1142 3824 1159 3855 .·
1199 3808 1317 3857 ‘aus
1337 3807 1518 3860 keiner
1533 3808 1937 3875 germanischen
1956 3807 2333 3878 Sprachejetzt
2351 3807 2739 3863 meo-lautam&

505 3875 614 3930 Sed
623 3878 864 3944 sortasse
889 3893 1008 3929 cum
1031 3878 1188 3930 verbo
1207 3887 1386 3930 nostro
1415 3879 1615 3932 ‘Lehm‘
1641 3881 2062 3949 conjtmqendum
2087 3888 2176 3935 est.
2233 3883 2350 3933 BE.
2502 3880 2558 3948 2)
2577 3882 2742 3934 Hanc

482 3948 729 4002 mominis
764 3950 1005 4017 formam
1059 3950 1266 4002 Paulus
1315 3968 1380 4004 ex
1427 3949 1620 4005 Edicto
1671 3953 1925 4005 Bostaris
1973 3953 2222 4007 sumsisse
2269 3954 2497 4006 videtur.
2580 3956 2742 4005 Laia-

501 4025 679 4076 mic-ho
718 4025 804 4075 vel
841 4023 1103 4076 Lamicho
1149 4022 1291 4090 Oriq.
1455 4022 1514 4091 3)
1554 4023 1752 4080 Modus
1804 4027 1943 4079 bella
1990 4027 2278 4080 dirimendi
2326 4034 2450 4078 tunc
2486 4043 2594 4090 non
2623 4026 2741 4077 inu·

500 4097 723 4158 simas,-
758 4097 825 4163 cf.
881 4096 1036 4165 Grey.
1097 4095 1226 4149 Tur.
1265 4096 1350 4162 II,
1390 4098 1440 4150 2.
1590 4101 1647 4163 4)
1687 4100 1771 4152 De
1819 4100 2021 4152 Kvem‘s
2067 4101 2196 4152 haec
2213 4159 2216 4164 Ι
2235 4098 2585 4166 intelliqe‘nda
2635 4115 2743 4152 esse

502 4170 780 4231 videntur,-
819 4170 887 4236 cf.
926 4170 1091 4223 Zeu-38
1117 4188 1181 4237 p.
1223 4168 1347 4223 686.
1497 4168 1554 4237 5)
1594 4191 1639 4224 c.
1684 4173 1769 4227 16.
1800 4171 1885 4224 1⁷.
1926 4172 2068 4225 unde
2093 4171 2302 4224 Paulus
2336 4170 2595 4237 sumserit,
2632 4188 2741 4223 non

502 4250 720 4294 constat.
808 4243 1062 4295 Fortasse
1121 4244 1342 4297 eandem
1397 4252 1612 4298 secutus
1643 4251 1718 4298 est
1771 4247 2153 4310 narrationem,
2209 4261 2370 4311 quam
2426 4252 2587 4298 antea
2624 4259 2740 4297 cum

506 4313 722 4383 Origine
760 4317 1047 4385 conjunxit.
