3042 4909
560 388 631 437 28
1022 384 1244 436 PAULI
1282 384 1630 436 HISTORIA
1669 384 2340 438 LANGOBARDORUM.

568 552 775 620 Oatal.
820 553 960 618 cod.
1004 552 1207 617 Bern.
1240 574 1318 636 p.
1368 550 1544 631 101).
1622 550 1836 626 Quam
1927 555 2175 618 roaeime
2219 553 2313 617 ad
2353 553 2417 616 B
2450 554 2483 616 1
2533 557 2803 639 accedit,

560 641 661 702 ita
701 647 918 701 tamen
959 645 1032 699 ut
1073 636 1292 700 scriba
1321 635 1555 699 ultima
1595 632 1753 700 libri
1788 635 1847 699 V
1873 682 1889 698 .
1921 638 2147 721 capita
2190 659 2271 700 ex
2314 638 2532 702 codice
2566 638 2803 705 classis

562 721 631 785 D
674 722 1023 807 suppleret.
1085 719 1312 805 Neque
1340 718 1594 783 indices
1633 719 1822 783 libris
1911 722 2393 800 remmittuntur,
2436 743 2643 808 neque
2671 725 2804 788 sin-

561 805 739 892 gulis
802 803 1128 890 capitibus
1193 812 1585 889 arqumenta
1639 803 1866 868 adseri
1906 813 2111 868 untur
2178 810 2211 886 (
2212 804 2267 886 I,
2323 804 2426 868 23.
2484 812 2803 892 eaecepto),

564 890 865 974 quamvis
910 888 1001 952 ad
1041 887 1325 952 medium
1367 894 1677 969 quartum
1718 886 1955 951 librum
2000 909 2203 971 usque
2253 891 2544 973 spatium
2585 893 2675 954 iis
2720 894 2808 955 sit

561 973 874 1038 relictum.
982 970 1085 1034 De
1147 970 1484 1035 verborum
1550 969 1770 1035 indole
1827 970 2200 1035 Bethmann
2253 995 2490 1057 pauca
2553 983 2807 1040 tantum

563 1056 894 1122 enotanda
950 1055 1178 1135 duoeit,
1236 1053 1470 1138 quibus
1524 1053 1588 1117 V.
1638 1052 1729 1119 Οἱ.
1771 1055 1853 1117 Α.
1899 1054 2094 1120 Stern
2138 1078 2354 1140 nuper
2395 1080 2564 1142 quae
2608 1058 2688 1122 ab
2733 1080 2805 1124 eo

551 1142 880 1226 petieram
923 1137 1213 1202 benevole
1258 1138 1517 1223 adjecit.

733 1221 873 1309 (24)
904 1222 1052 1286 Β4.
1078 1234 1094 1267 ¹
1163 1221 1277 1284 Pa
1300 1222 1690 1285 risiensis
1718 1221 1845 1285 Nr.
1883 1221 2085 1286 17568
2115 1222 2352 1305 (Notre
2382 1223 2594 1288 Dame
2628 1223 2805 1307 127),

564 1307 820 1370 membr.
846 1305 981 1389 fol.
1025 1327 1076 1368 s.
1120 1305 1307 1368 XIII.
1352 1306 1446 1368 in.
1490 1327 1634 1368 una
1675 1327 1883 1369 manu
1925 1315 2243 1370 eoearatus
2259 1317 2312 1389 ²,
2360 1310 2672 1391 promime
2717 1310 2809 1373 ad

563 1390 629 1453 B
676 1391 708 1452 1
756 1399 815 1453 et
856 1390 898 1453 3
941 1388 1188 1453 accedit
1231 1393 1411 1471 (cum
1451 1386 1566 1451 illo
1615 1388 1691 1451 in
1737 1393 2141 1474 arqumentis
2180 1389 2339 1453 libri
2378 1391 2433 1454 I.
2476 1430 2563 1440 —
2606 1416 2657 1455 c.
2706 1392 2806 1456 17.

552 1474 894 1642 Ξεέιίιιτὲῗέῧξ
937 1472 1027 1536 Ν.
1057 1471 1258 1536 Arch.
1297 1470 1340 1534 l.
1371 1469 1413 1533 l.
1429 1494 1454 1553 ,·
1498 1471 1700 1557 liujus
1746 1473 2152 1558 singularem
2187 1474 2291 1554 VI,
2333 1474 2436 1539 58.
2480 1475 2810 1541 lectionem

741 1639 900 1706 Cum
962 1639 1292 1704 codicibus
1346 1638 1579 1702 classis
1628 1637 1691 1701 A
1748 1640 1997 1703 arctius
2056 1643 2389 1726 conjuncti
2440 1651 2594 1705 sunt
2688 1664 2808 1707 uos

561 1724 1024 1809 inscripsimus
1073 1722 1132 1788 0
1162 1732 1221 1786 et
1262 1722 1364 1803 D,
1421 1743 1698 1808 quorum
1756 1724 1974 1809 major
2016 1746 2191 1808 pars
2233 1727 2385 1811 jam
2448 1727 2543 1789 cis
2683 1748 2807 1811 pes

567 1817 965 1888 asservatur,
1008 1806 1227 1891 ibique
1271 1808 1525 1890 scripta
1566 1806 1844 1870 videtur.
1976 1843 1981 1847 -

738 1890 849 1978 (25
928 1890 1109 1956 0*1.
1203 1889 1957 1955 Cheltenhamensis
2018 1890 2465 1972 (bibliothecae
2524 1915 2568 1955 a
2626 1893 2683 1956 b.
2725 1913 2808 1958 m.

569 1975 788 2039 leom.
888 1974 1033 2038 billi
1130 1997 1162 2038 s
1189 1971 1490 2054 relictae)
1519 1973 1646 2037 Nr.
1683 1972 1864 2056 1887,
1911 1973 2060 2036 olim
2084 1973 2155 2038 S.
2201 1974 2524 2040 Vincentii
2566 1977 2807 2041 Meten-

567 2062 695 2139 sis,
749 2068 886 2122 tum
951 2058 1036 2123 Co
1089 2104 1105 2120 .
1167 2056 1663 2123 Claromontani
1718 2057 1846 2121 Nr.
1903 2056 2058 2139 683,
2102 2068 2337 2142 postea
2391 2060 2809 2125 Meermanni

362 2151 442 2205 '1³·
476 2142 732 2206 ⁸2·*Nr.
766 2142 906 2214 796,
950 2141 1204 2205 membr.
1250 2164 1301 2204 s.
1332 2141 1445 2204 IX.
1490 2162 1590 2204 eoe.
1632 2140 1731 2205 vel
1767 2142 1847 2222 X,
1892 2141 2098 2205 solum
2138 2141 2421 2207 Paulum
2465 2147 2748 2209 continet
2762 2154 2809 2208 ³.

499 2257 506 2268 ·
565 2225 839 2291 Initium
886 2228 1096 2309 primi
1141 2224 1301 2289 libri
1351 2226 1679 2309 (capitum
1731 2225 1935 2289 indeae
1988 2234 2045 2288 et
2150 2247 2263 2289 ars
2308 2249 2386 2289 ca
2439 2272 2456 2289 .
2507 2227 2563 2289 1.
2606 2266 2693 2276 -—
2734 2249 2812 2292 ea

564 2307 707 2373 loco
753 2307 1201 2395 occupassent)
1248 2317 1439 2393 atque
1495 2308 1713 2373 ultimi
1750 2306 1922 2389 finis
1968 2310 2076 2390 (in
2128 2332 2159 2372 e
2203 2332 2247 2372 a
2306 2308 2365 2374 V
2388 2358 2408 2391 ,
2451 2309 2554 2373 24.
2597 2331 2807 2375 rever-

567 2393 754 2477 tenti)
808 2393 1312 2474 interciderunt;
1391 2392 1505 2456 sed
1565 2400 1793 2475 postea
1850 2401 2136 2476 quatuor
2190 2391 2377 2477 folia
2487 2397 2812 2459 raemissa

568 2487 722 2541 sunt
762 2500 968 2541 manu
1013 2500 1061 2540 s.
1089 2476 1276 2540 XIII.
1306 2479 1580 2560 scripta,
1653 2499 1779 2541 uae
1816 2476 2100 2541 indicem
2128 2479 2343 2561 primi
2368 2416 2526 2542 libpri
2554 2500 2700 2543 cum
2733 2478 2812 2543 12

555 2562 808 2646 primis
845 2584 925 2624 ca
973 2562 1173 2626 itibus
1213 2562 1561 2624 continent.
1691 2560 1911 2622 ariam
1937 2559 2266 2625 lectionem
2310 2585 2354 2623 a
2394 2561 2811 2627 Bethmanno

567 2666 681 2707 sae
731 2646 838 2708 ius
932 2653 1161 2707 rustra
1206 2644 1569 2729 quaesitam
1613 2642 1730 2706 hoc
1775 2665 1955 2706 anno
2010 2644 2073 2707 V.
2123 2641 2215 2710 Cl.
2259 2644 2465 2709 Pauli
2506 2648 2809 2714 enotavit.

572 2726 630 2792 C
707 2749 787 2790 eoe
831 2729 1126 2812 quamvis
1169 2727 1259 2789 ad
1302 2725 1724 2811 archetypum
1751 2725 2042 2790 recedere
2071 2728 2339 2813 ejusque
2368 2730 2443 2792 in
2472 2729 2810 2794 verborum

547 2810 798 2895 formis
855 2812 1134 2895 vestiqia
1191 2830 1450 2874 servare
1507 2809 1830 2891 videatur,
1889 2808 2111 2876 multis
2167 2819 2383 2876 tamen
2426 2812 2679 2878 mendis
2722 2823 2813 2878 est

566 2893 953 2958 maculatus.
1046 2889 1260 2967 Quam
1291 2894 1599 2976 proxime
1645 2894 1735 2957 ad
1776 2893 1951 2958 bunc
1997 2894 2245 2960 accedit

739 2974 989 3123 (230
1023 2976 1079 3039 1.
1166 2976 1635 3061 Lipsiensis
1696 2977 1844 3040 bibl.
1903 2979 2190 3044 civitatis
2244 2979 2310 3061 I,
2364 2980 2481 3062 60,
2552 2980 2806 3044 membr.

566 3060 637 3141 4,
693 3082 745 3123 s.
903 3061 1070 3144 --Χ,Δ
1109 3081 1243 3124 uno
1300 3060 1553 3124 calamo
1595 3061 1800 3126 nitide
1844 3064 2131 3145 scriptus
2142 3085 2167 3144 ;
2224 3062 2476 3128 litterae
2535 3074 2808 3128 ornatae

566 3142 788 3209 nullae
799 3167 824 3226 ;
869 3166 1096 3208 vocum
1137 3145 1377 3209 divisio
1405 3165 1667 3209 manca.
1738 3144 1960 3209 Primo
2032 3150 2418 3211 uaternione
2449 3148 2807 3233 deperdito,

566 3229 810 3314 incipit
838 3228 892 3309 I,
917 3227 1019 3291 24.
1067 3228 1370 3317 (suspiria
1398 3249 1513 3291 sua
1542 3228 1915 3312 continere).
2015 3231 2205 3314 apita
2242 3229 2345 3309 VI,
2375 3230 2478 3298 52.
2509 3239 2567 3292 et
2595 3230 2698 3294 53.
2728 3234 2804 3296 in

568 3309 740 3376 calce
768 3310 924 3376 libri
951 3312 1258 3397 suppleta
1287 3322 1458 3376 sunt.
1513 3312 1866 3376 Librarius
1897 3313 2196 3397 quisquis
2219 3311 2443 3395 fuerit
2473 3334 2649 3377 exem
2699 3312 2810 3377 lar

566 3397 742 3480 quod
798 3404 1052 3460 secutus
1095 3405 1186 3460 est
1239 3397 1403 3460 satis
1429 3393 1720 3479 fideliter
1764 3394 2188 3479 descripsisse
2230 3395 2509 3476 videtur,
2553 3418 2618 3459 se
2707 3398 2808 3460 ita

564 3488 639 3542 ut
680 3502 1032 3545 sermonem
1074 3479 1387 3544 Latinum
1425 3501 1680 3563 parum
1722 3487 2003 3558 curaret,
2048 3478 2285 3542 nedum
2330 3482 2621 3543 auctoris
2661 3501 2808 3543 sen-

568 3585 714 3627 sum
759 3573 1224 3650 assequeretur.
1318 3562 1469 3638 Qua
1512 3561 1590 3627 de
1627 3584 1697 3625 re
1739 3560 1824 3645 cf.
1904 3583 2031 3625 uae
2060 3560 2259 3625 Arch.
2308 3561 2446 3644 VII,
2528 3610 2543 3625 .
2574 3561 2719 3627 317.
2750 3573 2810 3628 et

567 3646 657 3711 N.
701 3644 902 3711 Areli.
933 3648 988 3728 I,
1021 3670 1100 3733 p.
1139 3645 1285 3711 544.
1333 3646 1542 3710 allata
1584 3653 1754 3710 sunt.
1884 3645 2128 3709 odicem
2158 3648 2425 3731 primus
2536 3648 2806 3729 oehmer,

554 3739 795 3815 postea
835 3731 1209 3794 Bethmann
1254 3753 1398 3795 cum
1441 3730 1635 3794 editis
1676 3728 2124 3812 contulerunt,·
2171 3731 2449 3816 denique
2495 3754 2538 3795 a
2580 3730 2805 3795 biblio-

571 3889 627 3956 1)
668 3889 740 3942 N.
778 3890 940 3942 Arch.
977 3889 1026 3953 I,
1055 3907 1119 3956 p.
1159 3891 1284 3942 543.
1325 3892 1449 3941 544.
1489 3890 1544 3941 B
1584 3894 1610 3941 1
1629 3907 1662 3942 a
1685 3890 1990 3958 inscriptus.
2140 3889 2199 3957 2)
2237 3887 2438 3943 Eodem
2476 3891 2806 3944 continentur

567 3961 729 4015 Pauli
764 3962 909 4016 Hiet.
947 3961 1212 4025 Romana,
1254 3962 1415 4015 Gesta
1438 3961 1725 4029 Apollonii,
1768 3963 2013 4033 Gregorii
2055 3962 2184 4016 Tur.
2234 3962 2384 4016 Vitae
2411 3974 2653 4030 patrum,
2692 3964 2805 4016 Ex·

567 4044 747 4102 empta
772 4034 1066 4099 Paschasii,
1087 4033 1451 4102 Hieronymus
1488 4036 1554 4086 de
1575 4035 1897 4104 viryinitate‚
1935 4034 2103 4088 Alani
2125 4034 2544 4104 poenitentialis.
2657 4035 2718 4104 3)
2733 4037 2805 4089 In

567 4117 668 4161 cat.
713 4107 967 4160 librorum
1003 4109 1119 4161 coll.
1162 4106 1565 4159 C'Iaromontani
1613 4107 1789 4161 minus
1826 4117 1962 4162 recte
1997 4108 2076 4160 ita
2114 4106 2457 4162 describitur:
2510 4109 2692 4163 ‘Paule'
2731 4110 2801 4161 D.

568 4181 693 4233 libri
730 4198 824 4233 seoe
859 4198 979 4233 cum
1005 4180 1350 4250 praefatione
1385 4178 1609 4233 inedita.
1685 4181 1758 4233 In
1813 4180 1983 4248 capite
2020 4189 2069 4232 et
2103 4180 2164 4234 in
2186 4182 2300 4249 fine
2349 4181 2540 4235 codicis
2578 4183 2806 4236 habetur

566 4252 796 4321 officium
831 4263 1147 4306 nocturnum
1184 4253 1505 4321 epiphaniae
1542 4272 1660 4305 cum
1694 4253 1832 4306 notis
1881 4251 2128 4306 musicis'.
2166 4255 2435 4308 ΒΕΤΗΜ.
2596 4254 2657 4322 4)
2696 4255 2807 4306 La-

567 4344 761 4378 cunam
791 4325 909 4393 III,
942 4330 1031 4392 34,
1071 4345 1231 4394 quam
1260 4327 1305 4379 Ο
1319 4327 1341 4351 ‘¹
1366 4329 1415 4391 1,
1454 4345 1562 4379 non
1586 4344 1709 4379 vero
1738 4327 1783 4379 Ο
1806 4329 1854 4392 1,
1893 4327 2064 4390 habet,
2083 4325 2314 4393 proprio
2341 4328 2519 4380 Marte
2558 4326 2803 4395 emplevit.
