3042 4909
656 387 726 436 42
1110 385 1330 438 PAULI
1370 385 1716 439 HISTORIA
1753 384 2195 438 LANGOBARD
2202 387 2424 440 ORUM.

655 554 860 619 sancti
922 553 1098 617 Petri
1157 552 1242 617 ad
1296 551 1575 617 Vincula
1632 551 1699 618 S.
1757 553 1837 617 R.
1891 575 1949 617 e.
2015 552 2383 637 cardinali83
2450 553 2762 640 descripsi
2810 563 2879 619 ut

654 636 835 702 vides
879 636 1137 701 confuse
1182 638 1247 700 in
1274 635 1667 701 Bunneccha
1708 658 1790 723 op
1838 636 1946 701 ido
1975 635 2213 702 Norico
2255 637 2545 703 eiusdem
2572 637 2874 704 ecclcsiae

453 729 535 784 ἰ).
563 735 639 777 41·
656 721 1059 786 Brixinensis
1088 742 1255 785 anno
1288 725 1311 750 *
1333 721 1513 787 1460.
1561 719 1666 785 die
1696 721 1755 785 8.
1785 659 2029 806 Xprilis
2057 719 2306 787 absolvi
2333 722 2500 799 Deo,
2524 723 2764 807 gratias
2791 721 2878 786 Io.

652 828 754 870 an.
800 806 1058 871 Indices
1101 804 1290 888 nulli,
1336 827 1539 890 neque
1578 807 1805 891 capita
1856 804 2375 893 distinquuntur.
2462 806 2881 871 Briaeinensis

649 890 761 955 ille
803 890 1003 955 codem
1046 899 1267 955 utrum
1309 891 1662 955 etiamnum
1705 898 1918 971 eoestet,
1965 899 2355 976 compertum
2395 912 2529 956 non
2560 891 2880 955 habemus.

822 973 1169 1063 <92)110.
1271 974 1725 1039 Vaticanus
1793 973 2149 1039 Urbinas
2193 973 2318 1038 Nr.
2377 975 2530 1056 984,
2587 975 2793 1039 chart.
2837 997 2885 1038 s.
2961 993 2962 1002 ¹

651 1059 809 1139 XV,
865 1080 946 1122 ecc
1006 1056 1207 1122 altero
1277 1057 1588 1123 Urbinate
1631 1058 1758 1121 Nr.
1786 1057 1931 1141 413,
1977 1060 2095 1142 qui
2122 1060 2275 1144 jam
2315 1060 2672 1141 intercidit,
2718 1067 2886 1123 cata-

648 1143 797 1230 loqo
827 1152 974 1207 teste
1003 1143 1391 1228 descriptus.
1442 1140 1601 1208 Cum
1633 1143 1667 1204 1
1686 1141 1714 1183 ¹³
1744 1142 1820 1207 id
1849 1142 2035 1208 habet
2063 1165 2411 1226 commune,
2443 1145 2622 1228 quod
2642 1142 2887 1208 indices

650 1228 883 1293 desunt
925 1250 1005 1291 ne
1049 1250 1129 1290 ue
1186 1226 1409 1311 capita
1468 1226 1935 1292 discernuntur
1943 1249 1969 1309 ;
2020 1236 2367 1313 praeterea
2407 1227 2710 1292 lectiones
2753 1230 2885 1292 sin-

651 1311 847 1400 qulae
907 1334 951 1374 a
1059 1310 1398 1375 ethmanno
1447 1319 1747 1375 enotatae
1790 1310 1963 1374 hunc
2009 1314 2070 1376 ei
2110 1310 2321 1375 locum
2367 1311 2756 1376 attribuunt.

820 1394 959 1479 (93)
1003 1396 1051 1457 I
1066 1393 1125 1457 2.
1210 1392 1801 1458 Bruoeellensis
1840 1394 1969 1459 Nr.
2014 1393 2206 1475 8244,
2246 1395 2396 1460 olim
2437 1395 2889 1461 Korssendon-

649 1481 869 1545 kanus
896 1478 1065 1548 dioc.
1096 1476 1484 1563 Bruyensis,
1516 1478 1722 1542 chart.
1770 1500 1831 1541 a.
1882 1476 2063 1559 1489,
2109 1480 2226 1564 qui
2266 1479 2495 1544 Bedae
2541 1480 2890 1544 historiam
2971 1483 2972 1490 ’

652 1562 1019 1649 Anqlorum
1041 1572 1081 1644 ¹,
1137 1558 1483 1625 Aretinum
1543 1562 1621 1625 de
1672 1559 1829 1625 bello
1875 1558 2165 1643 Gothico,
2216 1563 2591 1629 Historiam
2633 1562 2891 1648 Lanyo-

650 1648 1008 1712 bardorum
1050 1654 1109 1710 et
1147 1645 1385 1712 Jacobi
1427 1646 1506 1710 de
1551 1645 1838 1709 Vitriaco
1868 1644 2238 1710 Historiam
2268 1646 2652 1712 orientalem
2695 1645 2892 1711 conti

652 1741 775 1795 net.
860 1729 1062 1795 Pauli
1114 1739 1326 1793 teoetus
1382 1730 1557 1794 inter
1597 1728 1659 1792 A
1708 1726 1764 1794 C
1796 1738 1854 1792 et
1899 1726 1960 1793 G
1994 1728 2300 1814 fluctuat,
2360 1731 2441 1795 ab
2498 1731 2547 1794 I
2584 1733 2618 1794 1
2681 1741 2891 1795 tamen

652 1814 971 1882 diversus.
1058 1814 1318 1878 Indices
1361 1812 1536 1878 nulli
1546 1835 1572 1895 ;
1635 1813 1864 1899 capita
1908 1812 1986 1876 de
2030 1835 2149 1877 suo
2193 1814 2509 1879 distinaeit
2550 1815 2891 1880 librarius.

820 1899 961 1983 (94)
1005 1897 1131 1962 13.
1215 1896 1742 1962 Parisiensis
1800 1896 1924 1961 Nr.
1973 1894 2160 1978 5315,
2225 1896 2664 1981 C'olbertinus,
2727 1898 2894 1979 olim,

651 1992 724 2048 ut
779 1982 1071 2065 videtur,
1128 1980 1558 2062 Arelatensis,
1614 1981 1871 2046 membr.
1915 2003 1967 2044 s.
2011 1981 2126 2048 XI.
2171 2003 2271 2045 eae.
2305 1981 2439 2066 fol.
2497 1982 2659 2048 Post
2718 1983 2893 2047 Vitas

651 2075 1027 2131 sanctorum
1069 2075 1126 2130 et
1184 2065 1490 2130 Victorem
1551 2064 1864 2129 Vitensem
1907 2065 2275 2130 Historiam
2317 2068 2609 2131 continet
2634 2067 2897 2153 Lanqo·

648 2151 1023 2232 bardorum,
1077 2150 1151 2213 in
1205 2171 1341 2234 qua
1399 2149 1464 2230 V,
1512 2146 1611 2212 16.
1655 2148 2040 2235 (perempta)
2084 2149 2403 2214 librarius
2446 2150 2784 2216 calamum
2826 2153 2899 2215 in

648 2236 865 2301 media
915 2235 1190 2321 paqina
1261 2234 1584 2319 deposuit.
1690 2232 2227 2298 Additamentum
2290 2234 2645 2319 peculiare
2713 2234 2899 2299 habet

651 2319 778 2401 ΠΙ,
824 2320 899 2401 8,·
947 2325 1338 2404 argumenta
1383 2316 1712 2402 capitibus
1742 2317 2195 2403 praescribere
2238 2320 2468 2404 coepit,
2516 2341 2639 2387 nec
2683 2330 2901 2384 tamen

649 2407 722 2468 in
777 2404 893 2468 hoc
951 2401 1222 2468 consilio
1286 2399 1465 2466 ultra
1520 2402 1805 2466 medium
1854 2401 2096 2466 librum
2148 2401 2204 2465 I.
2256 2404 2572 2489 perstitit.
2678 2404 2899 2468 Lectio

649 2489 837 2553 modo
884 2487 974 2551 ad
1014 2486 1265 2552 codices
1306 2485 1370 2548 A
1412 2485 1601 2550 modo
1646 2485 1738 2549 ad
1782 2483 1843 2550 G
1887 2487 2153 2551 accedit.

744 2570 958 2718 Χὲ95)
1001 2569 1163 2633 13³.
1249 2570 1878 2650 Avenionensis,
1924 2570 2140 2634 Musei
2186 2567 2577 2652 Calvetiani,
2636 2572 2900 2636 membr.

651 2677 701 2718 s.
841 2654 931 2717 H.
974 2653 1245 2718 Praeter
1288 2650 1570 2716 Paulum
1610 2661 1669 2717 et
1727 2651 2034 2717 Victorem
2091 2652 2399 2717 Vitensem
2440 2658 2646 2719 etiam
2690 2656 2901 2721 Euse-

651 2739 745 2803 bii
787 2739 1132 2802 historiam
1173 2736 1673 2801 ecclesiasticam
1718 2759 1762 2799 a
1802 2736 2049 2819 Rufino
2092 2736 2487 2801 translatam
2531 2746 2593 2799 et
2642 2738 2906 2805 Cassio-

653 2823 804 2887 dori
846 2822 1187 2885 historiam
1228 2820 1637 2905 tripartitam
1686 2820 2141 2906 complectitur.
2234 2820 2317 2883 In
2365 2819 2603 2885 iisdem
2654 2823 2907 2890 desinit

650 2906 858 2972 verbis
905 2929 982 2969 ac
1028 2905 1076 2967 I
1091 2903 1172 2985 3,·
1217 2903 1302 2989 cf.
1348 2901 1547 2971 Arch.
1602 2902 1738 2984 VII,
1770 2927 1850 2989 p.
1895 2903 2039 2967 209.

820 2987 958 3078 (96)
1003 2987 1174 3052 13¹³.
1264 2985 2135 3073 Gratianopolitanus
2176 2986 2299 3051 Nr.
2341 2984 2484 3067 338,
2542 2984 2702 3052 olim
2739 2987 2905 3053 Car·

647 3074 1106 3138 thusianorum
1147 3071 1430 3156 eiusdem
1483 3071 1687 3154 urbis,
1730 3071 1985 3136 membr.
2029 3094 2081 3135 s.
2125 3070 2312 3135 XIII.
2395 3070 2498 3134 De
2544 3091 2676 3154 quo
2723 3073 2909 3138 nihil

649 3181 786 3224 com
836 3166 1040 3222 ertum
1091 3156 1399 3224 habemus
1450 3165 1724 3241 praeter
1765 3157 1939 3241 quod
1981 3155 2196 3221 eodem
2237 3154 2563 3220 volumine
2621 3154 2909 3223 Orosius

648 3252 706 3307 et
808 3250 972 3306 ictor
1023 3239 1295 3305 Vitensis
1337 3248 1596 3340 eoestant
1638 3239 1948 3340 (Haenel,
1998 3238 2211 3340 Qatal3
2237 3262 2316 3324 p.
2363 3237 2541 3339 169).

649 3435 711 3475 a.
739 3323 1281 3495 ιεῇῗ).ἶὲὲαῗιο
1294 3324 2486 3492 'ztssn”}032²;.22’1²r1{²2523232255”m22”²⁶²
2488 3323 2637 3480 ἵζ’.
2663 3322 2904 3473 {ff}

645 3518 788 3559 una
828 3517 1034 3560 manu
1079 3457 1318 3560 Italiia
1359 3501 1707 3574 exaratus,
1768 3513 1935 3577 quae
1993 3494 2189 3557 varia
2235 3513 2440 3591 opera
2481 3490 2703 3557 Paulo
2750 3457 2909 3558 sub-'-

631 3582 795 3667 jecit
810 3580 855 3643 ⁴.
940 3578 1129 3643 Libri
1170 3599 1304 3643 non
1349 3576 1871 3663 distinquuntur,
1904 3574 2119 3662 plura
2165 3581 2553 3641 omittuntur
2594 3575 2768 3660 (ΙΠ,
2800 3575 2910 3646 25.

653 3768 710 3834 1)
747 3767 941 3819 Restat
974 3768 1033 3818 in
1070 3768 1124 3818 Β
1161 3768 1193 3816 2
1208 3785 1227 3828 ,·
1265 3767 1517 3819 Aretinus
1556 3767 1615 3818 in
1651 3763 1702 3816 A
1740 3759 1824 3817 2¹⁹.
1975 3763 2034 3831 2)
2074 3765 2405 3817 ‘Pus-chased
2455 3772 2514 3816 at
2565 3767 2657 3820 the
2695 3771 2816 3822 sale
2855 3772 2924 3838 of

647 3841 733 3892 the
771 3838 1027 3891 Saibante
1059 3840 1170 3891 and
1210 3839 1527 3907 Gianfilippi
1561 3856 1686 3891 mss.
1723 3846 1780 3889 at
1814 3837 1994 3902 Paris,
2030 3838 2159 3891 Jan.
2187 3838 2315 3891 Feb.
2371 3838 2533 3901 1843,
2586 3839 2720 3894 Lat.
2762 3845 2917 3899 440‘.

648 3911 779 3966 Ideo
816 3912 958 3965 idem
997 3928 1107 3964 esse
1144 3912 1371 3976 videtur,
1409 3929 1563 3978 quem
1598 3911 1830 3964 marchio
1871 3911 2188 3978 Gianfilippi
2238 3911 2554 3965 Veronensis
2593 3930 2640 3965 s.
2680 3915 2757 3967 X.
2800 3934 2917 3972 esse

634 3986 907 4054 jactaba,-
943 4002 994 4037 v.
1032 3982 1192 4037 Arch.
1226 3985 1285 4049 V,
1315 4002 1378 4053 p.
1407 3986 1513 4035 620
1539 4001 1624 4045 n.,·
1661 3982 1798 4049 XII,
1824 4000 1888 4049 p.
1917 3985 2041 4036 655.
2193 3986 2249 4049 3)
2294 3983 2448 4046 Quod
2472 3986 2747 4052 conjicere
2788 3991 2916 4046 licet

646 4077 712 4113 ea:
746 4057 1177 4125 inscriptionibus
1213 4057 1380 4109 Pauli
1429 4057 1688 4124 subjectis,
1738 4073 1875 4124 quac
1923 4057 2170 4109 inventae
2220 4065 2398 4109 crant:
2454 4058 2514 4108 in
2566 4060 2700 4115 loco
2754 4068 2916 4132 putei

645 4150 811 4203 prope
850 4132 1234 4185 Forumiulium
1283 4132 1400 4198 agri
1436 4131 1675 4183 Vicetini
1721 4133 1778 4181 in
1830 4131 2062 4197 quadam
2104 4130 2281 4194 domo,
2331 4132 2390 4181 in
2437 4130 2567 4184 loco
2620 4136 2917 4204 Acignani

648 4210 767 4273 agri
804 4206 1061 4268 ciusdem,
1112 4206 1455 4268 Marosticae,
1507 4205 1566 4254 in
1612 4203 1863 4256 suburbio
1916 4204 2148 4255 civitatis
2194 4205 2439 4255 vicetiae
2490 4212 2629 4258 aute
2669 4218 2920 4277 portam,

645 4281 918 4332 ΒΕΤΗΜ.
1080 4278 1138 4345 4)
1175 4277 1420 4330 Historia
1467 4276 1755 4329 Gothorum
1802 4275 2200 4345 Hispanorum3
2255 4275 2504 4328 Historia
2555 4279 2919 4338 Francorum

646 4381 721 4392 —
761 4355 901 4405 1366
916 4371 933 4413 ‚·
993 4351 1275 4420 Gataloqus
1326 4368 1507 4419 requm
1554 4349 1887 4401 Francorum
1934 4365 2100 4416 usquc
2152 4349 2228 4402 ad
2268 4348 2570 4403 Iohannem
2610 4354 2695 4406 ΙΙ
2698 4374 2718 4418 ,·
2789 4358 2921 4413 Vita
