3042 4909
446 388 668 440 PAULI
707 388 1057 442 HISTORIA
1096 388 1768 441 LANGOBARDORUM.
1844 388 1987 439 LIB.
2027 389 2130 439 111.
2323 389 2426 438 127

190 555 503 642 Ingundis
554 575 704 619 vero
759 565 908 641 post
964 556 1176 619 mariti
1232 563 1295 619 et
1341 556 1640 642 martyris
1698 555 1884 619 funus
1941 555 2020 619 de
2080 555 2428 641 Hispanis⁸¹

187 640 460 725 fugiens,
507 638 662 703 dum
695 637 937 703 Gallias
979 639 1287 725 repedare
1329 638 1538 721 vellet,
1582 640 1649 702 in
1691 659 1919 703 manus
1962 637 2235 704 militum
2275 640 2427 704 inci-

190 723 367 806 dens,
401 723 507 809 qui
538 723 606 786 in
634 721 864 787 limiteb
895 723 1237 789 adversum
1258 723 1381 787 His
1430 743 1587 786 anos
1615 726 1638 752 *
1659 720 1969 788 Gotthosc
1992 721 2359 788 residebant
2377 723 2425 804 d,

192 829 341 872 cum
383 828 586 893 parvo
630 804 760 871 filio
808 817 998 893 capta
1038 815 1232 894 atque
1273 807 1342 870 in
1429 805 1709 871 iciliam⁶
1757 806 1983 872 ductas
2026 816 2158 872 est¹
2206 805 2425 892 ibique

191 890 364 956 diem
408 888 635 955 clausit
690 900 1066 956 extremum.
1153 889 1356 955 Filius
1418 911 1574 955 vero
1632 891 1767 955 eius
1824 891 2193 977 imperatori
2250 891 2429 955 Mau-

189 974 350 1038 ricio
398 973 817 1039 Constantino
869 974 1020 1038 olim
1044 986 1073 1029 8
1118 984 1215 1039 est
1257 974 1667 1039 transmissus
1686 984 1728 1038 ².

360 1058 460 1121 22.
548 1057 823 1122 Rursum
876 1068 925 1103 ·⁸
954 1058 1331 1123 Mauriciusi
1377 1066 1689 1144 augustus
1723 1056 1967 1142 legatos
2010 1056 2137 1121 adk
2171 1055 2426 1122 Childe-

191 1151 442 1228 pertum
510 1142 800 1223 mittens,
873 1163 1048 1224 eum,
1123 1152 1195 1208 ut
1262 1150 1482 1206 contra
1538 1140 2000 1227 Langobardos
2053 1142 2120 1205 in
2176 1139 2429 1205 Italiam

191 1224 546 1289 exercitum
576 1224 895 1311 dirigeret,
933 1226 1266 1311 persuasit.
1335 1224 1783 1311 Childepertus
1812 1225 2184 1290 existimans
2216 1227 2426 1289 suam¹

187 1307 399 1372 adhuc
473 1329 795 1373 ermanam
826 1319 985 1396 aput
1014 1307 1633 1395 Constantinopolim
1669 1310 1950 1391 viverem,
1995 1307 2220 1395 legatis
2250 1308 2429 1372 Mau-

187 1392 364 1457 ricii¹¹
396 1414 434 1456 a
482 1394 837 1479 quiescens,
883 1404 956 1459 ut
985 1415 1167 1457 suam
1246 1393 1439 1458 ossit⁰
1485 1414 1767 1459 sororem
1797 1395 2085 1478 recipere
2102 1405 2151 1476 Ρ,
2195 1392 2427 1458 iterum

187 1475 529 1540 adversum
549 1488 575 1530 ‘1
633 1476 1092 1563 Langobardos
1237 1498 1546 1542 ancorum
1619 1477 1971 1543 exercitum
2037 1475 2121 1540 ad
2175 1475 2428 1541 Italiam

187 1559 442 1626 direxit.
533 1558 775 1626 Contra
833 1582 994 1648 quos
1050 1561 1205 1625 dum
1264 1560 1835 1648 Langobardorum
1895 1559 2064 1624 acies
2129 1580 2429 1647 propera-

189 1653 334 1708 rent
348 1655 392 1724 1',
448 1644 727 1708 Franci⁴
772 1656 836 1710 et
876 1644 1220 1708 Alamanni
1265 1645 1722 1710 dissensionem
1742 1656 1764 1687 ⁸
1810 1646 1976 1710 inter
2007 1666 2073 1708 se
2103 1642 2427 1726 habentes,

190 1727 327 1792 sine
372 1725 561 1791 ullius
603 1726 763 1792 lucri
781 1733 800 1771 ²
843 1729 1320 1815 conquesitione
1339 1742 1365 1771 ²¹
1409 1728 1493 1793 ad
1582 1730 1808 1793 atriam
1854 1739 2004 1793 sunt
2043 1728 2344 1794 reversiv.

360 1811 515 1875 23.w
601 1811 747 1876 on
793 1820 1078 1897 tempore
1120 1812 1242 1877 fuit
1262 1834 1467 1899 aquae
1553 1813 1818 1878 iluvium
1849 1812 1916 1875 in
1959 1812 2196 1878 finibus
2225 1811 2430 1877 Vene-

195 1895 438 1958 ciarum
497 1908 560 1960 et
601 1895 903 1981 Liguriae
921 1908 953 1951 Y
1020 1918 1134 1961 seu
1179 1897 1406 1961 ceteris
1448 1896 1820 1982 regionibus
1878 1894 2133 1979 Italiae,
2204 1894 2428 1982 quale⁸

189 1987 338 2063 post
379 1978 517 2043 Noe
560 1989 885 2065 tempore⁸
930 1979 1211 2046 creditur
1252 2002 1380 2044 non
1433 1980 1695 2046 fuisseb.
1780 1981 2018 2045 Factae
2076 1989 2225 2044 sunt
2278 1978 2431 2043 lavi-

193 2082 312 2127 nae
330 2073 413 2108 ⁰·³
472 2063 943 2161 possessionum
1015 2086 1130 2129 seu
1186 2063 1479 2129 villarum
1542 2065 2002 2150 hominumque
2073 2064 2313 2149 pariter
2369 2073 2432 2128 et

192 2146 610 2211 animantlum
655 2168 926 2233 magnus
969 2149 1280 2213 interitus.
1366 2148 1715 2213 Destructa
1757 2157 1903 2213 sunt
1944 2148 2190 2230 itinera,
2248 2145 2429 2210 dissi-

194 2240 382 2314 patae
440 2230 583 2296 viae
600 2280 616 2313 ,
688 2242 935 2297 tantum
991 2239 1270 2319 tuncque
1285 2233 1313 2274 ἅ
1367 2232 1581 2297 Atesis
1599 2243 1623 2274 θ
1682 2230 1916 2296 fluvius
1984 2231 2269 2296 excrevit
2359 2240 2432 2294 ut

194 2314 366 2378 circa
407 2312 775 2379 basilicamf
824 2316 997 2381 beati
1041 2315 1319 2382 Zenonis
1336 2327 1367 2370 8
1411 2316 1737 2400 martyris,
1798 2335 1963 2401 quae
2007 2324 2189 2380 extra
2296 2334 2428 2378 ero-

188 2397 450 2461 nensish
492 2399 669 2464 urbis
729 2421 946 2464 muros
1002 2401 1124 2464 sita
1166 2409 1278 2482 est,
1337 2420 1544 2485 usque
1594 2398 1677 2463 ad
1719 2397 2079 2484 superiores
2120 2397 2430 2463 fenestras

191 2576 237 2630 a)
267 2577 491 2628 Hispanis
520 2590 634 2619 corr.
668 2579 910 2630 Hispaniis
940 2582 982 2620 D
1004 2583 1045 2623 1.
1077 2582 1114 2620 F
1134 2582 1173 2622 1.
1210 2579 1309 2631 Θ1,
1342 2584 1380 2619 α
1409 2580 1473 2620 ita
1503 2577 1623 2621 Α’2.
1660 2580 1700 2620 8.
1734 2581 1771 2620 Β
1792 2582 1862 2621 la.
1897 2581 1937 2622 2.
1971 2579 2094 2621 cab.
2125 2579 2167 2618 D
2204 2580 2243 2619 2.
2278 2579 2319 2620 8.
2355 2579 2426 2619 10.

188 2636 227 2676 F
262 2635 304 2676 ὅ.
339 2635 381 2677 Θ
410 2638 453 2678 4.
487 2638 557 2679 ba.
577 2637 621 2679 b.
641 2647 680 2678 c.
712 2639 756 2679 H
789 2640 829 2680 1.
872 2639 896 2679 1
930 2641 969 2681 1.
1005 2640 1059 2691 25
1103 2640 1334 2689 Hispania
1362 2639 1401 2679 Β
1437 2641 1479 2679 1.
1631 2636 1678 2689 b)
1711 2639 1905 2679 limitem
1952 2637 1994 2677 A
2027 2639 2077 2688 25
2110 2638 2142 2680 1.
2177 2638 2234 2677 ad
2266 2647 2429 2679 nesum

188 2706 309 2735 corr.
342 2696 373 2735 1.
405 2696 647 2738 adversum
676 2697 713 2737 F
747 2699 791 2738 1.
827 2697 868 2740 G
903 2700 950 2748 15
984 2699 1041 2738 ad
1074 2708 1235 2739 nesum
1266 2699 1389 2738 inter
1422 2696 1675 2746 Gba.b.c;
1708 2698 1921 2738 adnisum
1951 2698 2053 2747 Ὲ25
2086 2706 2205 2747 quae
2235 2697 2429 2737 limitem

192 2754 413 2795 adnixum
443 2755 481 2795 P
513 2754 588 2805 ’25
622 2756 734 2806 quin
767 2757 914 2797 milite
946 2758 1158 2798 adnisum
1191 2755 1233 2798 G
1265 2757 1316 2806 85
1365 2758 1416 2796 in
1446 2756 1596 2797 limite
1629 2758 1694 2796 vel
1722 2758 1772 2797 tn
1803 2756 1951 2797 milite
1983 2760 2020 2795 et
2054 2755 2228 2796 Gothos
2259 2766 2428 2795 erasum

194 2811 235 2853 G
266 2814 320 2864 4;
352 2814 403 2854 in
433 2815 580 2855 milite
612 2815 715 2855 adv.
747 2815 789 2854 D
826 2817 895 2857 1a.
1019 2814 1060 2867 c)
1093 2817 1157 2856 ita
1188 2814 1229 2855 A
1264 2817 1303 2855 1.
1339 2814 1379 2855 G
1413 2818 1463 2865 15
1498 2814 1693 2857 Gotthos
1725 2827 1839 2857 corr.
1874 2819 1919 2856 et
1953 2814 2126 2855 Gothos
2156 2815 2193 2854 F
2225 2816 2267 2866 1,
2299 2819 2336 2854 et
2367 2815 2430 2853 ita

195 2870 326 2913 G5a.
346 2872 388 2914 b.
409 2883 457 2923 ο5
491 2873 663 2915 Gothos
695 2884 812 2915 corr.
847 2874 1111 2925 Gothosque
1144 2874 1244 2925 Θ2,
1275 2878 1313 2913 et
1343 2874 1407 2913 ita
1440 2872 1542 2915 Ga.
1574 2875 1613 2914 Β
1635 2875 1712 2926 185
1745 2874 1919 2916 Gothos
1949 2874 2183 2925 Hispanos
2216 2884 2252 2914 r.
2274 2873 2365 2914 02.
2387 2873 2428 2915 8.

193 2927 238 2982 d)
273 2931 504 2973 residebat
532 2931 572 2972 A
611 2934 649 2973 1.
684 2935 724 2974 2.
761 2931 802 2974 G
837 2935 890 2983 15
922 2934 1109 2974 redebat
1138 2934 1176 2973 1⁰
1211 2935 1250 2975 1.
1372 2930 1417 2985 e)
1451 2931 1615 2974 Sicilia
1643 2933 1739 2975 Fi.
1775 2932 1816 2974 G
1849 2935 1890 2976 1.
1924 2933 1967 2973 8.
2000 2935 2044 2974 4.
2167 2930 2203 2983 f)
2238 2933 2434 2973 deducta

190 2988 231 3029 A
265 2990 306 3031 8.
341 2991 380 3030 Β
413 2992 454 3033 2.
487 2992 530 3031 D
563 2992 604 3044 2,
635 2991 726 3031 alii.
847 2990 895 3043 g)
929 2991 1321 3042 Constantinopili
1350 2991 1388 3031 F
1423 2994 1463 3034 1.
1586 2989 1633 3043 h)
1666 2994 1841 3033 Rursus
1872 2991 1913 3032 A
1947 2993 1988 3035 2.
2109 2988 2144 3043 i)
2177 2992 2288 3032 deese
2318 2993 2359 3031 D
2391 2992 2431 3031 2.

193 3047 240 3101 k)
273 3059 301 3088 a
330 3049 368 3089 P
401 3052 440 3091 1.
565 3048 600 3101 1)
635 3060 720 3091 sua
750 3050 792 3090 A
824 3051 864 3091 2.
987 3049 1050 3102 m)
1084 3052 1263 3092 viveret
1291 3050 1329 3090 F
1362 3052 1403 3091 1.
1526 3049 1577 3104 n)
1608 3052 1861 3093 Mauricius
1891 3051 1927 3090 P
1963 3054 2012 3101 15
2044 3051 2282 3101 Mauricus
2316 3049 2356 3091 G
2390 3051 2430 3091 1.

196 3105 241 3159 o)
273 3112 433 3158 posset
464 3108 500 3150 C
531 3110 571 3150 1.
605 3110 645 3154 2.
678 3109 720 3148 D
757 3110 779 3148 1
814 3120 835 3148 e
865 3120 979 3150 corr.
1015 3111 1055 3150 2.
1088 3110 1130 3153 8.
1166 3108 1207 3150 G
1238 3109 1306 3161 50,
1339 3109 1431 3150 alii.
1569 3107 1619 3161 p)
1653 3112 1868 3161 accipere
1898 3110 1935 3149 F
1971 3112 2011 3152 1.
2134 3109 2181 3162 q)
2213 3108 2434 3150 adversus

191 3165 231 3206 A
267 3168 309 3209 2.
340 3167 391 3207 F.
427 3166 483 3209 G.
577 3164 617 3218 r)
649 3172 921 3219 properaret
950 3168 985 3207 Ρ
1019 3168 1076 3208 1⁴?
1109 3169 1150 3212 2.
1186 3167 1227 3209 G
1259 3170 1299 3210 1.
1332 3170 1373 3208 4.
1469 3166 1511 3220 s)
1543 3169 1871 3210 dissessionem
1904 3167 1945 3210 G
1979 3171 2018 3209 1.
2057 3169 2097 3209 8.
2127 3170 2169 3209 4.
2258 3166 2295 3219 t)
2330 3179 2434 3209 cum

191 3236 306 3268 corr.
339 3225 456 3266 lucri
488 3224 525 3265 1³
558 3228 598 3267 1.
721 3225 770 3278 n)
800 3227 865 3266 ita
896 3226 937 3267 A
971 3228 1020 3278 15
1054 3228 1385 3278 conquestione
1416 3226 1458 3267 A
1489 3227 1541 3277 85
1572 3228 1876 3278 conquisione
1909 3226 1943 3268 C
1962 3228 2013 3277 15
2046 3227 2436 3277 conquisitionem

190 3285 229 3324 Ρ
265 3286 306 3326 1.
343 3282 384 3324 G
420 3285 470 3334 15
503 3285 841 3335 conquisitione
887 3286 1025 3328 ceteri.
1176 3284 1222 3337 v)
1258 3287 1457 3336 regressi
1503 3284 1545 3325 A
1578 3287 1620 3330 2.
1770 3284 1830 3337 w)
1863 3298 1897 3326 c.
1934 3286 2124 3327 28-26.
2170 3297 2249 3328 om.
2286 3285 2328 3327 G
2359 3285 2436 3325 5b.

188 3341 241 3394 x)
274 3342 374 3383 Hoc
405 3342 446 3383 A
478 3345 517 3384 2.
637 3341 685 3395 y)
718 3344 831 3394 Leg.
863 3345 900 3384 F
936 3347 974 3388 1.
1097 3343 1141 3398 z)
1173 3346 1358 3394 qualem
1391 3345 1432 3386 G
1464 3345 1505 3384 8.
1628 3346 1673 3401 a)
1704 3345 1767 3385 ita
1798 3345 1838 3385 Α
1873 3347 1914 3384 1.
1947 3339 2007 3384 ’2.
2039 3345 2080 3385 2.
2112 3344 2153 3384 8.
2187 3344 2229 3384 4.
2263 3344 2304 3389 5.
2334 3345 2372 3384 B
2392 3345 2434 3384 2.

195 3401 232 3443 0
265 3401 351 3452 4b3
381 3404 587 3453 tempore
633 3414 746 3447 corr.
792 3407 1003 3453 tempora
1032 3404 1074 3443 D
1109 3405 1149 3456 1,
1196 3409 1234 3443 οε
1264 3404 1327 3443 ita
1358 3403 1484 3443 ceteri
1531 3402 1591 3445 D.
1620 3405 1658 3444 Β
1695 3404 1763 3444 la.
1795 3404 1831 3442 F
1865 3403 1907 3445 2.
1941 3401 1982 3442 G
2013 3403 2054 3444 2.
2088 3402 2132 3442 Η
2165 3404 2205 3442 1.
2238 3402 2262 3442 1
2297 3403 2345 3451 25
2379 3402 2435 3442 de

194 3464 406 3511 tempore
436 3461 474 3501 F
507 3462 547 3501 1.
584 3460 625 3501 G
657 3463 697 3504 1.
731 3460 792 3503 '2.
829 3463 869 3503 8.
903 3465 958 3511 45
1004 3465 1187 3515 tempus
1236 3462 1274 3502 F
1307 3464 1348 3504 2.
1383 3462 1424 3503 δ.
1460 3460 1501 3503 G
1534 3461 1605 3503 ba.
1624 3472 1662 3502 c.
1781 3459 1830 3513 b)
1863 3459 2029 3501 fuisset
2058 3460 2095 3499 F
2129 3461 2167 3499 1.
2293 3458 2336 3512 c)
2367 3461 2433 3500 la·

195 3520 337 3560 vinae
361 3524 464 3569 poet
494 3530 607 3559 corr.
638 3521 835 3561 lacunae
867 3519 908 3560 A
943 3524 982 3573 1,
1015 3527 1051 3561 et
1082 3523 1145 3562 ita
1178 3521 1212 3562 C
1247 3522 1297 3571 15
1328 3520 1545 3561 lacuniae
1576 3518 1616 3559 A
1648 3519 1721 3570 ’85
1753 3520 1801 3560 in
1832 3519 1868 3559 1³
1904 3521 1926 3558 1
1960 3523 2174 3558 corrector
2219 3529 2436 3569 superscr-

195 3578 467 3631 fluxamina,
499 3578 597 3619 ind·
626 3578 664 3619 Γ
698 3581 780 3620 la:
813 3579 1022 3622 flumina.
1175 3577 1221 3630 d)
1249 3580 1313 3619 ita
1343 3578 1385 3619 A
1419 3581 1460 3623 1.
1492 3578 1537 3618 2.
1569 3579 1612 3618 D
1646 3581 1687 3619 1.
1721 3578 1758 3618 Γ
1791 3580 1842 3627 15
1888 3581 2158 3626 tantumque
2190 3587 2283 3617 uno
2317 3576 2351 3618 C
2386 3578 2435 3627 15

191 3640 468 3687 tantumque
497 3638 534 3677 F
567 3634 627 3682 ’2.
662 3636 700 3679 Θ
719 3638 770 3689 85
801 3641 1071 3688 tantumque
1102 3642 1212 3680 tunc
1241 3637 1381 3679 ceteri.
1505 3634 1551 3687 e)
1585 3636 1768 3678 Ataesis
1799 3637 1841 3676 D
1860 3637 1909 3686 15
1940 3635 2138 3676 Adhesis
2169 3634 2204 3675 O
2239 3637 2277 3674 1.
2306 3636 2344 3675 Γ
2379 3633 2438 3675 1?

196 3694 239 3736 G
274 3697 313 3736 1.
349 3692 409 3735 ’2.
443 3697 484 3739 2.
521 3696 601 3746 505
632 3694 847 3738 Adthesis
881 3696 923 3738 G
955 3699 995 3739 8.
1034 3718 1084 3729 -
1118 3697 1311 3737 fluvium
1342 3696 1379 3735 F
1411 3697 1451 3735 1.
1545 3693 1582 3748 f)
1616 3696 1813 3737 basilica
1842 3695 1938 3736 ΡΙ.
2031 3692 2077 3746 g)
2108 3694 2303 3735 zezonis
2334 3694 2375 3734 A
2396 3698 2435 3737 1.

190 3752 239 3806 h)
269 3754 528 3796 Veronensi
558 3755 596 3794 F·
630 3756 671 3797 1.
705 3753 745 3796 G
779 3757 816 3795 1.

199 3904 256 3972 1)
295 3905 367 3957 In
411 3903 605 3972 Africa
644 3904 873 3972 periisse
925 3905 1257 3972 Inqundem,
1308 3902 1485 3957 scribit
1541 3904 1698 3973 arey.
1759 3903 1885 3956 Tur.
1938 3902 2099 3966 VIII,
2142 3902 2229 3956 28.
2270 3918 2437 3969 neque

195 3978 263 4031 de
299 3977 446 4031 illius
461 3981 609 4046 fuya
633 3994 753 4030 cum
775 3978 949 4030 Paulo
975 3979 1276 4030 coneordat.
1333 3979 1428 4029 BI.
1578 3974 1637 4044 2)
1677 3974 1758 4045 Qf.
1786 3975 1939 4044 Greq.
1976 3975 2105 4030 Tur.
2159 3974 2321 4039 VIII,
2354 3973 2435 4025 18.

198 4050 259 4119 3)
300 4050 381 4118 Of.
425 4051 580 4120 Grey.
633 4051 795 4115 VIII,
838 4051 938 4112 185
975 4052 1125 4120 cujus
1161 4050 1327 4104 verba
1361 4050 1572 4102 Paulus
1627 4048 1850 4103 mutavit
1862 4066 1880 4110 ,·
1935 4054 1994 4101 ut
2032 4064 2182 4100 suam
2219 4064 2273 4115 p.
2313 4064 2356 4099 s.
2395 4064 2438 4099 r.

198 4123 431 4178 addidit.
580 4124 642 4192 4)
678 4123 786 4177 Hie
823 4122 1030 4176 Paulus
1067 4131 1162 4178 aut
1189 4122 1354 4175 alium
1392 4130 1599 4176 secutus
1626 4130 1701 4176 est
1737 4131 1835 4174 aut
1858 4122 2074 4174 erravit.
2150 4119 2437 4188 Gregorius

196 4198 336 4250 em‘m
352 4196 437 4250 m’l
451 4197 607 4252 habet
624 4197 758 4250 nisi.-
787 4197 896 4250 Sed
920 4213 1038 4249 cnm
1061 4197 1226 4250 duces
1245 4199 1388 4248 inter
1406 4212 1464 4248 se
1485 4196 1886 4249 altercarentur.
1909 4196 2023 4247 BE.
2137 4194 2195 4261 ὅ)
2218 4193 2437 4245 Glossae

195 4269 425 4324 Isidorie
465 4271 675 4323 Lavina
710 4271 920 4343 lapsum
959 4271 1221 4335 inferens;
1267 4269 1460 4337 legitur
1498 4270 1655 4321 etiam
1712 4269 1864 4335 apud
1919 4268 1973 4320 d.
2031 4265 2436 4334 Hieronymum.

2447 739 2461 755 ⁸
2479 752 2524 790 p.
2559 740 2659 782 104.
