3042 4909
539 419 762 472 PAULI
800 416 1149 471 HISTORIA
1186 416 1862 472 LANGOBARDORUM.
1937 417 2083 469 LIB.
2122 418 2186 470 V.
2397 417 2502 470 207

253 585 801 674 perstrepentibus
830 584 1098 666 bucinis,
1132 592 1194 648 et
1222 593 1446 649 neutra
1519 594 1655 650 arte
1683 583 1896 649 locum
1928 583 2119 650 dante
2130 594 2177 668 ⁸,
2221 585 2507 650 maxima

257 668 640 757 populorum
707 669 878 734 facta
941 677 1038 732 est
1103 676 1363 753 strages.
1548 667 1782 732 andem
1862 666 2135 732 crudelis
2200 678 2506 754 tyrannus

260 752 484 818 Alabis
540 753 796 834 interiit,
856 760 919 816 et
971 750 1380 836 Cunincpert,
1441 751 1783 816 adiuvante
1846 773 1912 816 se
1932 753 1958 794 ¹³
2016 752 2318 834 Domino,
2377 752 2508 817 vic-

260 839 494 903 toriam
537 836 725 922 cepit.
813 834 1155 899 Exercitus
1198 856 1453 921 quoque
1497 832 1739 917 Alabis,
1784 845 2089 922 conperta
2118 836 2254 901 eius
2285 844 2508 919 morte,

263 921 333 986 fu
380 942 457 984 ae
504 919 859 984 subsidium
902 918 1190 1005 arripuit.
1276 917 1334 981 E
1380 917 1612 1017 quibus
1658 940 1847 1005 quem
1867 930 1892 962 ⁰
1935 940 2156 984 mucro
2203 940 2331 983 non
2365 941 2509 1005 per·

263 942 438 1086 cuffit,
489 1002 728 1068 Addua
744 1002 772 1044 ‘¹
847 1000 1079 1066 fluvius
1138 1002 1474 1066 interemit.
1567 1001 1779 1088 Caput
1882 1025 2092 1088 uoque
2134 1002 2358 1067 AJahis
2403 1001 2509 1067 de-

261 1096 625 1153 truncatum
669 1107 981 1171 cruraque
1025 1085 1161 1149 eius
1178 1091 1201 1115 *
1261 1086 1511 1150 succisa
1556 1096 1719 1169 sunt,
1776 1087 1793 1149 i
1871 1098 2209 1172 ormeque⁰
2261 1095 2508 1152 tantum

261 1182 688 1257 truncumque
734 1168 1011 1233 cadaver
1052 1170 1373 1234 remansit.
1445 1168 1525 1233 In
1553 1167 1674 1234 hoc
1717 1168 1884 1236 bello
1903 1170 1924 1213 f
1975 1169 2505 1236 Foroiulanorum

264 1255 583 1320 exercitus
649 1253 912 1318 minime
968 1251 1088 1318 fuit
1104 1299 1120 1334 ,
1230 1253 1371 1334 uia,
1440 1274 1587 1317 cum
1644 1254 1881 1318 invitus
1938 1252 2162 1319 Alabis
2219 1255 2508 1336 iurasset,

261 1347 524 1425 propter
585 1336 706 1401 hoc
767 1357 886 1401 nec
905 1347 934 1391 8
996 1336 1136 1421 regi
1258 1337 1630 1423 unincperto
1695 1359 1813 1401 nec
1871 1336 2093 1402 Alahis
2158 1337 2511 1403 auxiliumh

263 1421 441 1505 tulit,
516 1422 629 1486 sed.
688 1442 835 1485 cum
891 1417 983 1484 illi
1038 1417 1274 1486 bellum
1332 1421 1825 1502 commisissent,
1895 1421 2016 1507 ipsi
2074 1421 2158 1486 ad
2216 1423 2511 1509 propria¹

267 1514 416 1571 sunt
456 1505 711 1570 reversi.
799 1503 1008 1589 Igitur
1049 1502 1272 1567 Alabis
1317 1501 1436 1568 hoc
1481 1504 1673 1569 modo
1718 1504 2033 1588 defunctO,
2077 1512 2194 1570 rex
2240 1504 2514 1570 Ouninc-

266 1598 411 1677 pert
453 1610 686 1674 corpus
718 1586 958 1652 Senoni
978 1589 1009 1629 ¹¹
1055 1585 1310 1651 diaconi
1341 1596 1487 1652 ante
1516 1587 1720 1652 fores¹
1750 1587 2049 1654 basilicae
2087 1588 2261 1654 beati
2287 1587 2518 1654 Iohan-

265 1675 386 1755 nis,
432 1684 683 1758 quamm
726 1672 865 1757 ipse
908 1679 1213 1752 rexerat,¹¹
1257 1670 1525 1735 mirifice
1568 1670 1832 1757 sepelire
1851 1684 1875 1715 ⁰
1920 1672 2277 1756 mandavit3
2329 1674 2514 1759 ipsel‘

265 1778 418 1823 vero
448 1764 783 1841 regnator‘l
815 1776 962 1818 cum
994 1754 1276 1819 omnium
1296 1766 1318 1796 ¹·
1347 1753 1739 1820 exultatione
1769 1765 1832 1822 et
1858 1757 2180 1844 triumpho
2209 1757 2516 1823 victoriae

263 1840 569 1906 Ticinum
612 1860 902 1904 reversus
946 1846 1059 1903 est.

700 1940 1188 2019 EXPLICIT
1239 1943 1549 2018 LIBER
1603 1941 2081 2035 QUINTUS.

591 2174 1087 2243 INCIPIUNT⁸
1132 2175 1580 2242 OAPITULA
1621 2177 1862 2242 LIBRI
1907 2177 2196 2242 SEXTI.

317 2281 375 2344 1.
461 2278 799 2360 Quomodo
828 2275 1180 2344 Romuald²
1224 2276 1575 2343 Tarentum
1619 2279 1810 2365 cepit,
1856 2287 1919 2344 et
1962 2277 2281 2364 quomodo
2311 2278 2518 2344 Theu-

461 2361 723 2427 derata¹¹
766 2361 1223 2427 monasterium
1270 2362 1472 2426 sancti
1514 2363 1691 2427 Petri
1733 2361 2114 2427 aedificavit.

315 2446 374 2509 2.
459 2446 562 2511 De
612 2454 814 2511 morte
857 2443 1216 2526 Romualdi,
1277 2454 1383 2511 etv
1442 2445 1765 2532 quomodo
1824 2467 2055 2534 corpus
2105 2446 2276 2512 beati
2316 2445 2519 2510 Bene-

463 2528 619 2595 dicti
663 2529 745 2593 ad
790 2527 1034 2594 Gallias
1078 2527 1357 2594 delatum
1403 2538 1518 2594 est.

273 2614 378 2679 *3.
457 2613 562 2760 lge
603 2611 937 2712 Rodoald.w
969 2611 1132 2712 duce
1159 2611 1545 2678 Foroiulano
1562 2626 1611 2696 ¹,
1643 2622 1705 2678 et
1734 2612 1813 2677 de
1843 2611 2092 2679 Ansfrit
2106 2625 2158 2696 Y,
2204 2613 2314 2699 qui
2343 2612 2519 2678 eius2
2540 2630 2615 2685 ’μ
2650 2633 2751 2677 ιω.

314 2780 376 2844 4.
461 2705 1064 2866 Βῑὲοθὲῒίἓῐὲᾶέῃξῗιῖἓ
1089 2791 1245 2866 aput
1273 2777 1896 2865 Constantinopolim
1938 2779 2108 2845 facta
2137 2788 2251 2862 est,
2296 2788 2398 2845 et⁸
2440 2779 2521 2845 de

464 2884 498 2928 e
546 2862 733 2928 istola
759 2862 1065 2928 Damiani
1107 2864 1415 2950 episcopi.

319 2948 380 3012 5.
535 2968 570 3012 e
615 2947 839 3035 eclipsi
881 2946 1069 3012 lunae
1115 2960 1178 3013 et
1220 2946 1391 3032 solis,
1435 2956 1499 3012 et
1542 2946 1621 3012 de
1662 2945 2024 3034 pestilentia
2066 2968 2230 3033 quae
2272 2946 2516 3012 Romae

467 3041 531 3096 et
573 3030 827 3096 Ticinib
870 3030 1039 3095 facta
1082 3040 1196 3096 est.

377 3190 423 3261 *)
462 3193 505 3245 L
534 3195 559 3244 1
606 3193 787 3246 addit.-
825 3192 883 3244 id
924 3198 1007 3246 est
1043 3193 1288 3260 gambas.

279 3338 326 3391 a)
360 3340 561 3382 donante
591 3340 643 3381 F.
679 3338 731 3382 G.
881 3335 930 3391 b)
962 3338 1072 3379 deese
1105 3337 1155 3380 Ο.
1188 3337 1246 3381 D.
1278 3338 1329 3379 F.
1364 3337 1402 3377 1.
1437 3339 1476 3378 1.
1619 3334 1663 3389 c)
1694 3338 1805 3379 deese
1848 3338 1887 3379 B
1924 3339 1963 3381 1.
2115 3334 2162 3389 d)
2192 3336 2382 3379 Addua
2412 3337 2455 3379 A
2486 3338 2525 3380 2.

278 3399 322 3439 D
354 3399 409 3449 83
438 3398 573 3439 Addo.
605 3397 647 3440 G
681 3399 720 3440 1.
756 3398 798 3440 2.
832 3397 904 3450 8ο,
936 3408 957 3438 ο
986 3408 1101 3438 corr.
1134 3396 1172 3437 Γ
1205 3398 1255 3446 13
1288 3396 1391 3438 Ada
1424 3393 1528 3437 (34.
1649 3394 1693 3446 e)
1727 3396 2020 3446 infernaque
2051 3396 2092 3436 A
2126 3398 2165 3439 1.
2197 3398 2240 3440 2.
2273 3396 2308 3438 C
2342 3398 2382 3437 1.
2416 3397 2459 3436 D
2482 3398 2523 3438 1.

279 3458 317 3497 F
350 3459 391 3498 1.
442 3455 484 3498 G
517 3459 557 3499 1.
593 3458 634 3509 2,
681 3457 796 3507 quod
824 3456 872 3496 in
903 3455 1128 3507 archano
1165 3454 1312 3505 ,mian
1356 3454 1539 3496 videtur.
1709 3455 1746 3499 f)
1772 3459 1875 3505 poet
1903 3455 2046 3506 suppl.
2083 3453 2125 3496 G
2159 3457 2198 3497 1.
2351 3450 2399 3506 g)
2431 3463 2526 3495 uon

282 3515 323 3557 G
359 3518 397 3559 1.
434 3517 476 3556 2.
510 3517 584 3558 8⁸.
728 3512 778 3568 h)
808 3515 989 3555 aucium
1022 3513 1064 3555 G
1096 3516 1136 3566 1,
1182 3525 1295 3555 corr.
1333 3513 1614 3555 adiutorium
1647 3511 1688 3554 G
1720 3514 1762 3556 2.
1914 3511 1949 3565 1)
1982 3514 2218 3565 propriam
2252 3513 2288 3554 Ο
2319 3509 2391 3563 ‘13
2421 3523 2524 3564 pro·

280 3575 408 3626 pria·
437 3575 474 3615 F
508 3575 550 3617 1.
701 3570 750 3624 k)
783 3572 992 3616 Sennoni
1023 3572 1066 3613 Δ
1099 3575 1139 3615 1.
1172 3573 1209 3613 F
1242 3576 1295 3622 ις
1326 3570 1504 3614 Senon}
1536 3582 1652 3615 corr.
1686 3569 1888 3613 Senonin
1922 3571 1965 3613 G
1997 3572 2047 3622 23
2080 3572 2253 3613 senoni
2286 3570 2328 3612 G
2356 3572 2412 3620 43
2444 3570 2524 3612 Se·

281 3633 416 3674 noni·
446 3633 489 3673 A
521 3634 565 3674 8.
597 3633 640 3673 D
676 3634 747 3675 la.
783 3632 824 3674 8.
861 3631 901 3673 G
932 3632 1003 3684 8⁸,
1034 3631 1127 3674 alii.
1278 3629 1314 3684 l)
1345 3630 1471 3671 toras
1504 3629 1540 3672 Ο
1573 3626 1635 3672 ’1.
1672 3633 1713 3671 1.
1863 3628 1929 3683 m)
1961 3641 2055 3681 qua
2086 3629 2128 3672 G
2162 3633 2215 3681 13
2262 3631 2374 3681 qula
2406 3629 2448 3671 G
2481 3632 2524 3670 2.

282 3690 330 3742 n)
363 3694 547 3733 rexerat
575 3702 691 3733 corr.
723 3695 938 3732 erexerat
967 3690 1005 3732 A
1040 3692 1081 3742 1,
1114 3695 1151 3731 ee
1182 3689 1242 3730 ita
1277 3689 1313 3732 C
1346 3692 1386 3730 1.
1418 3689 1477 3733 D.
1507 3690 1547 3730 Β
1581 3690 1623 3731 1.
1654 3690 1691 3730 F
1721 3689 1767 3731 4.
1903 3686 1948 3742 ο)
1980 3690 2043 3729 ita
2074 3688 2117 3730 A
2151 3692 2191 3732 1.
2223 3689 2261 3730 P
2297 3692 2346 3740 ις
2377 3688 2527 3739 sepel-

280 3750 361 3792 liri
391 3751 456 3791 vel
485 3751 679 3801 sepeliri
710 3749 849 3790 ceteri.
986 3746 1036 3800 p)
1068 3750 1169 3800 ipse
1206 3771 1256 3780 —
1290 3752 1359 3790 est
1388 3749 1475 3791 du.
1509 3747 1545 3790 C
1577 3749 1619 3792 2.
1756 3745 1805 3800 q)
1837 3758 2036 3798 regnans
2069 3747 2107 3789 A
2142 3749 2183 3800 8,
2215 3760 2237 3790 ο
2266 3759 2381 3790 corr.
2415 3748 2453 3788 E·
2485 3750 2524 3795 1,

281 3809 355 3849 ubi
388 3812 620 3859 regnator
652 3808 798 3859 finiet·
827 3808 995 3848 videtur
1027 3813 1065 3848 ot
1089 3813 1243 3859 postea
1287 3807 1528 3848 restitutum
1561 3812 1644 3856 ως
1690 3811 1960 3857 regnaturus
1989 3807 2028 3848 B
2062 3807 2105 3850 8.
2244 3805 2285 3860 r)
2317 3807 2445 3847 omni
2477 3805 2526 3847 Ο.

281 3868 340 3909 D.
372 3868 426 3909 Β.
457 3868 494 3908 Ρ
527 3867 658 3911 1-4.
691 3866 745 3910 G.
779 3867 818 3910 1.
969 3864 1010 3919 s)
1043 3868 1222 3908 indicem
1255 3868 1454 3907 omittunt
1500 3865 1542 3906 A
1572 3861 1635 3907 ’2.
1682 3865 1721 3906 Β
1757 3866 1797 3907 2.
1828 3866 1867 3906 n
1899 3867 1943 3908 4.
1973 3865 2011 3906 F
2045 3867 2086 3912 1.
2117 3865 2160 3910 5.
2191 3864 2233 3908 G
2266 3865 2347 3916 6123
2394 3865 2528 3905 alium

282 3925 403 3967 habet
444 3926 482 3967 P
515 3927 541 3967 2
560 3954 573 3979 ,
634 3927 699 3966 ita
744 3925 981 3976 incipiam
1043 3926 1115 3967 De
1160 3926 1416 3967 Romoaldo
1462 3925 1900 3967 Beneventanorum
1962 3925 2079 3966 duce
2126 3928 2173 3966 et
2219 3926 2364 3974 gentis
2409 3925 2525 3965 elus.

280 3982 317 4037 t)
348 3984 576 4026 lewald
609 3983 652 4026 G
684 3985 709 4025 2
740 3994 1091 4035 ηοηηιιηιςιιαηις
1138 3985 1325 4026 Romalt
1355 3985 1396 4025 D
1433 3986 1482 4035 13
1528 3984 1746 4025 Romonlt
1778 3983 1814 4026 0
1845 3986 1900 4034 13
1945 3983 2177 4025 Rumuald
2209 3994 2230 4024 ο
2259 3994 2376 4023 corr.
2409 3981 2451 4024 G
2483 3984 2525 4024 1.

283 4039 338 4095 u)
365 4042 658 4086 Theoderata
702 4042 744 4085 A
779 4046 818 4095 1,
864 4043 939 4083 aed
968 4043 1093 4095 ivm-a
1134 4044 1337 4094 'rhenum
1384 4042 1677 4084 Theodoram.
1711 4042 1752 4086 G
1788 4044 1836 4096 13
1867 4042 2014 4085 Teud.
2046 4042 2081 4084 Ο
2112 4039 2181 4093 ‘13
2229 4042 2398 4082 mulier
2428 4042 2528 4082 elus

283 4102 388 4142 add.
418 4102 458 4143 L
492 4105 532 4156 1,
580 4103 655 4154 qm·
684 4102 752 4143 hio
783 4112 951 4153 quoquc
980 4103 1157 4153 saepius
1187 4113 1216 4142 α
1245 4103 1378 4143 Pauli
1406 4102 1547 4143 verbis
1578 4102 1746 4144 recedit.
1895 4100 1943 4154 v)
1975 4111 2134 4142 novum
2162 4101 2247 4142 ino.
2280 4110 2376 4150 ara.
2409 4100 2454 4140 Η
2487 4102 2527 4143 1.

283 4158 344 4213 w)
371 4160 602 4203 Romoald
631 4161 675 4203 A
708 4163 749 4202 1.
778 4161 822 4202 D
854 4157 950 4203 ⁸8⁸.
981 4162 1034 4212 43
1066 4161 1279 4202 Romoalt
1310 4161 1345 4204 O
1380 4163 1434 4211 ις
1466 4161 1664 4202 Romala
1693 4162 1736 4202 D
1771 4162 1824 4211 13
1853 4160 2112 4202 Romunldo
2143 4160 2186 4200 D
2220 4159 2274 4210 83
2319 4158 2530 4200 Rodoald

283 4230 305 4260 ο
335 4230 451 4266 corr.
481 4220 520 4261 Β
555 4222 607 4270 13
639 4219 854 4261 Roduald
885 4220 926 4261 Δ
958 4220 1013 4271 8,
1057 4220 1301 4261 Rodoaldo
1333 4222 1373 4262 Ε
1409 4221 1448 4262 1.
1484 4219 1527 4262 G
1560 4221 1601 4263 1.
1635 4221 1676 4262 2.
1827 4217 1877 4272 x)
1908 4218 2295 4260 Foroiulanomm
2325 4218 2364 4259 Β
2398 4218 2440 4259 1.
2477 4239 2530 4248 -

284 4281 332 4320 et
362 4298 417 4309 —
448 4280 622 4320 invasit
651 4278 737 4321 des.
770 4277 806 4320 0
838 4277 881 4321 8.
1014 4275 1063 4331 y)
1095 4278 1320 4320 Ansefrm
1352 4278 1388 4321 Ο
1421 4281 1462 4323 1.
1494 4278 1539 4319 D
1575 4279 1625 4328 13
1672 4277 1923 4320 Annon-ido
1954 4278 1997 4317 D
2033 4278 2081 4328 83
2114 4277 2305 4319 Anah-id
2337 4275 2379 4318 G
2412 4278 2455 4318 1.
2487 4276 2528 4328 2,

283 4336 377 4377 alii.
530 4335 573 4390 ι)
606 4347 710 4378 eum
744 4335 786 4378 G
819 4338 860 4378 1.
894 4337 935 4379 2.
1086 4336 1132 4389 a)
1166 4342 1213 4380 et
1243 4338 1300 4380 de
1332 4348 1375 4379 e.
1406 4338 1469 4379 D.
1504 4349 1546 4381 e.
1578 4337 1663 4379 du.
1698 4337 1733 4380 C
1767 4338 1809 4379 8.
1962 4334 2011 4388 b)
2044 4336 2211 4377 Ticina
2242 4334 2277 4377 Ο
2308 4331 2372 4388 ’1,
2414 4345 2530 4375 corr.

285 4395 452 4438 ‘ricino
482 4396 527 4436 n
560 4398 599 4449 1,
632 4401 671 4436 ec
699 4396 764 4435 aa
792 4394 874 4435 αιει·
901 4395 961 4436 1).
994 4395 1039 4435 Η
1072 4398 1120 4447 13
1153 4397 1312 4438 'rmus
1343 4396 1379 4439 o
1413 4397 1457 4438 1.
