<?xml version="1.0" encoding="UTF-8"?>
<!DOCTYPE html PUBLIC "-//W3C//DTD XHTML 1.0 Transitional//EN"
    "http://www.w3.org/TR/xhtml1/DTD/xhtml1-transitional.dtd">
<html xmlns="http://www.w3.org/1999/xhtml" xml:lang="en" lang="en">
 <head>
  <title>
</title>
<meta http-equiv="Content-Type" content="text/html;charset=utf-8" />
  <meta name='ocr-system' content='tesseract 3.04.00' />
  <meta name='ocr-capabilities' content='ocr_page ocr_carea ocr_par ocr_line ocrx_word'/>
</head>
<body>
  <div class='ocr_page' id='page_1' title='image "./paulihistoriala01waitgoog_0029.png"; bbox 0 0 3042 4909; ppageno 0'>
   <div class='ocr_carea' id='block_1_1' title="bbox 704 433 2485 490">
    <p class='ocr_par' dir='ltr' id='par_1_1' title="bbox 704 433 2485 490">
     <span class='ocr_line' id='line_1_1' title="bbox 704 433 2485 490; baseline 0.002 -4"><span class='ocrx_word' id='word_1_1' title='bbox 704 434 922 488; x_wconf 84' lang='lat' dir='ltr'>PAULI</span> <span class='ocrx_word' id='word_1_2' title='bbox 963 433 1312 487; x_wconf 80' lang='lat' dir='ltr'>HISTORIA</span> <span class='ocrx_word' id='word_1_3' title='bbox 1350 434 2029 490; x_wconf 77' lang='lat' dir='ltr'>LANGOBARDORUM.</span> <span class='ocrx_word' id='word_1_4' title='bbox 2418 438 2485 489; x_wconf 77' lang='lat'><em>21</em></span> 
     </span>
    </p>
   </div>
   <div class='ocr_carea' id='block_1_2' title="bbox 232 601 2550 3179">
    <p class='ocr_par' dir='ltr' id='par_1_2' title="bbox 240 601 2493 858">
     <span class='ocr_line' id='line_1_2' title="bbox 240 601 2490 691; baseline 0 -23"><span class='ocrx_word' id='word_1_5' title='bbox 240 604 500 688; x_wconf 91' lang='lat' dir='ltr'><em>copiam</em></span> <span class='ocrx_word' id='word_1_6' title='bbox 545 603 851 668; x_wconf 75' lang='lat' dir='ltr'><em>habuisse</em></span> <span class='ocrx_word' id='word_1_7' title='bbox 901 603 1177 668; x_wconf 83' lang='lat' dir='ltr'><em>videtur.</em></span> <span class='ocrx_word' id='word_1_8' title='bbox 1266 601 1379 666; x_wconf 85' lang='lat' dir='ltr'><em>Ad</em></span> <span class='ocrx_word' id='word_1_9' title='bbox 1428 602 1774 668; x_wconf 71' lang='lat' dir='ltr'><em>historiam</em></span> <span class='ocrx_word' id='word_1_10' title='bbox 1816 602 2186 668; x_wconf 80' lang='lat' dir='ltr'><em>Romanam</em></span> <span class='ocrx_word' id='word_1_11' title='bbox 2246 626 2490 691; x_wconf 74' lang='lat' dir='ltr'><em>auyen-</em></span> 
     </span>
     <span class='ocr_line' id='line_1_3' title="bbox 241 686 2492 788; baseline -0 -35"><span class='ocrx_word' id='word_1_12' title='bbox 241 687 396 753; x_wconf 87' lang='lat' dir='ltr'><em>dam</em></span> <span class='ocrx_word' id='word_1_13' title='bbox 449 695 725 771; x_wconf 90' lang='lat' dir='ltr'><em>praeter</em></span> <span class='ocrx_word' id='word_1_14' title='bbox 785 687 1176 788; x_wconf 66' lang='lat' dir='ltr'><em>Hieronymi</em></span> <span class='ocrx_word' id='word_1_15' title='bbox 1238 696 1296 752; x_wconf 89' lang='lat' dir='ltr'><em>et</em></span> <span class='ocrx_word' id='word_1_16' title='bbox 1351 686 1667 771; x_wconf 82' lang='lat' dir='ltr'><em>Prosperi</em></span> <span class='ocrx_word' id='word_1_17' title='bbox 1728 687 2041 752; x_wconf 77' lang='lat' dir='ltr'><em>chronica</em></span> <span class='ocrx_word' id='word_1_18' title='bbox 2152 690 2492 754; x_wconf 87' lang='lat' dir='ltr'><em>raesertim</em></span> 
     </span>
     <span class='ocr_line' id='line_1_4' title="bbox 241 768 2493 858; baseline 0 -23"><span class='ocrx_word' id='word_1_19' title='bbox 241 793 272 835; x_wconf 89' lang='lat' dir='ltr'><em>e</em></span> <span class='ocrx_word' id='word_1_20' title='bbox 319 772 557 835; x_wconf 88' lang='lat' dir='ltr'><em>itomen</em></span> <span class='ocrx_word' id='word_1_21' title='bbox 614 793 781 858; x_wconf 81' lang='lat' dir='ltr'><em>quae</em></span> <span class='ocrx_word' id='word_1_22' title='bbox 826 768 1090 835; x_wconf 74' lang='lat' dir='ltr'><em>Aurelii</em></span> <span class='ocrx_word' id='word_1_23' title='bbox 1149 770 1420 836; x_wconf 88' lang='lat' dir='ltr'><em>Victoris</em></span> <span class='ocrx_word' id='word_1_24' title='bbox 1470 771 1731 835; x_wconf 89' lang='lat' dir='ltr'><em>nomine</em></span> <span class='ocrx_word' id='word_1_25' title='bbox 1760 770 2014 855; x_wconf 84' lang='lat' dir='ltr'><em>fertur,</em></span> <span class='ocrx_word' id='word_1_26' title='bbox 2140 772 2389 836; x_wconf 88' lang='lat' dir='ltr'><em>rosium</em></span> <span class='ocrx_word' id='word_1_27' title='bbox 2432 782 2493 836; x_wconf 89' lang='lat' dir='ltr'><em>et</em></span> 
     </span>
    </p>

    <p class='ocr_par' dir='ltr' id='par_1_3' title="bbox 236 853 2522 1188">
     <span class='ocr_line' id='line_1_5' title="bbox 289 853 2489 940; baseline 0 -21"><span class='ocrx_word' id='word_1_28' title='bbox 289 855 605 919; x_wconf 87' lang='lat' dir='ltr'><em>ordanem</em></span> <span class='ocrx_word' id='word_1_29' title='bbox 650 854 968 935; x_wconf 72' lang='lat' dir='ltr'><em>adhibuit,</em></span> <span class='ocrx_word' id='word_1_30' title='bbox 1017 862 1369 940; x_wconf 88' lang='lat' dir='ltr'><em>praeterea</em></span> <span class='ocrx_word' id='word_1_31' title='bbox 1412 854 1821 935; x_wconf 72' lang='lat' dir='ltr'><em>Frontinum,</em></span> <span class='ocrx_word' id='word_1_32' title='bbox 1864 853 2197 936; x_wconf 87' lang='lat' dir='ltr'><em>Plinium,·</em></span> <span class='ocrx_word' id='word_1_33' title='bbox 2246 877 2337 919; x_wconf 89' lang='lat' dir='ltr'><em>an</em></span> <span class='ocrx_word' id='word_1_34' title='bbox 2380 855 2489 921; x_wconf 89' lang='lat' dir='ltr'><em>Li·</em></span> 
     </span>
     <span class='ocr_line' id='line_1_6' title="bbox 240 935 2484 1023; baseline 0 -20"><span class='ocrx_word' id='word_1_35' title='bbox 240 940 418 1003; x_wconf 85' lang='lat' dir='ltr'><em>vium</em></span> <span class='ocrx_word' id='word_1_36' title='bbox 462 938 719 1021; x_wconf 85' lang='lat' dir='ltr'><em>viderit,</em></span> <span class='ocrx_word' id='word_1_37' title='bbox 765 938 1034 1004; x_wconf 88' lang='lat' dir='ltr'><em>dubium</em></span> <span class='ocrx_word' id='word_1_38' title='bbox 1077 947 1184 1004; x_wconf 85' lang='lat' dir='ltr'><em>est.</em></span> <span class='ocrx_word' id='word_1_39' title='bbox 1279 935 1551 1023; x_wconf 72' lang='lat' dir='ltr'><em>Veryilii</em></span> <span class='ocrx_word' id='word_1_40' title='bbox 1590 937 1801 1003; x_wconf 90' lang='lat' dir='ltr'><em>locum</em></span> <span class='ocrx_word' id='word_1_41' title='bbox 1844 940 1917 1002; x_wconf 87' lang='lat' dir='ltr'><em>in</em></span> <span class='ocrx_word' id='word_1_42' title='bbox 1965 938 2265 1003; x_wconf 72' lang='lat' dir='ltr'><em>Historia</em></span> <span class='ocrx_word' id='word_1_43' title='bbox 2307 938 2484 1004; x_wconf 91' lang='lat' dir='ltr'><em>Lan-</em></span> 
     </span>
     <span class='ocr_line' id='line_1_7' title="bbox 236 1020 2487 1108; baseline 0 -23"><span class='ocrx_word' id='word_1_44' title='bbox 236 1021 685 1108; x_wconf 66' lang='lat' dir='ltr'><em>gobardorum</em></span> <span class='ocrx_word' id='word_1_45' title='bbox 739 1022 1087 1106; x_wconf 73' lang='lat' dir='ltr'><em>ecc-scripsit</em></span> <span class='ocrx_word' id='word_1_46' title='bbox 1130 1022 1221 1105; x_wconf 89' lang='lat' dir='ltr'><em>(I,</em></span> <span class='ocrx_word' id='word_1_47' title='bbox 1268 1021 1386 1102; x_wconf 87' lang='lat'><em>6),·</em></span> <span class='ocrx_word' id='word_1_48' title='bbox 1448 1021 1617 1086; x_wconf 89' lang='lat' dir='ltr'><em>alios</em></span> <span class='ocrx_word' id='word_1_49' title='bbox 1663 1030 1898 1107; x_wconf 89' lang='lat' dir='ltr'><em>poetas</em></span> <span class='ocrx_word' id='word_1_50' title='bbox 1957 1023 2030 1086; x_wconf 88' lang='lat' dir='ltr'><em>in</em></span> <span class='ocrx_word' id='word_1_51' title='bbox 2081 1020 2487 1087; x_wconf 72' lang='lat' dir='ltr'><em>carminibus</em></span> 
     </span>
     <span class='ocr_line' id='line_1_8' title="bbox 236 1105 2522 1188; baseline -0.003 -18"><span class='ocrx_word' id='word_1_52' title='bbox 236 1115 552 1171; x_wconf 88' lang='lat' dir='ltr'><em>memorat</em></span> <span class='ocrx_word' id='word_1_53' title='bbox 592 1105 690 1170; x_wconf 81' lang='lat' dir='ltr'><em>vel</em></span> <span class='ocrx_word' id='word_1_54' title='bbox 732 1107 1050 1170; x_wconf 81' lang='lat' dir='ltr'><em>imitatur.</em></span> <span class='ocrx_word' id='word_1_55' title='bbox 2515 1167 2522 1188; x_wconf 40' lang='lat' dir='ltr'>f</span> 
     </span>
    </p>

    <p class='ocr_par' dir='ltr' id='par_1_4' title="bbox 409 1186 2488 1274">
     <span class='ocr_line' id='line_1_9' title="bbox 409 1186 2488 1274; baseline 0 -22"><span class='ocrx_word' id='word_1_56' title='bbox 409 1186 692 1254; x_wconf 84' lang='lat' dir='ltr'><em>Paulum</em></span> <span class='ocrx_word' id='word_1_57' title='bbox 726 1188 1070 1274; x_wconf 81' lang='lat' dir='ltr'><em>plerosque</em></span> <span class='ocrx_word' id='word_1_58' title='bbox 1114 1190 1224 1252; x_wconf 89' lang='lat' dir='ltr'><em>sui</em></span> <span class='ocrx_word' id='word_1_59' title='bbox 1265 1186 1533 1269; x_wconf 81' lang='lat' dir='ltr'><em>saeculi,</em></span> <span class='ocrx_word' id='word_1_60' title='bbox 1566 1190 1962 1272; x_wconf 88' lang='lat' dir='ltr'><em>praesertim</em></span> <span class='ocrx_word' id='word_1_61' title='bbox 2003 1209 2152 1252; x_wconf 85' lang='lat' dir='ltr'><em>vero</em></span> <span class='ocrx_word' id='word_1_62' title='bbox 2182 1190 2488 1273; x_wconf 87' lang='lat' dir='ltr'><em>temporis</em></span> 
     </span>
    </p>

    <p class='ocr_par' dir='ltr' id='par_1_5' title="bbox 241 1272 2549 1396">
     <span class='ocr_line' id='line_1_10' title="bbox 241 1272 2549 1396; baseline -0.001 -60"><span class='ocrx_word' id='word_1_63' title='bbox 241 1275 598 1338; x_wconf 87' lang='lat' dir='ltr'><em>anterioris</em></span> <span class='ocrx_word' id='word_1_64' title='bbox 640 1275 987 1358; x_wconf 72' lang='lat' dir='ltr'><em>scriptores</em></span> <span class='ocrx_word' id='word_1_65' title='bbox 1029 1272 1268 1359; x_wconf 73' lang='lat' dir='ltr'><em>linqua</em></span> <span class='ocrx_word' id='word_1_66' title='bbox 1302 1273 1583 1357; x_wconf 86' lang='lat' dir='ltr'><em>puriore</em></span> <span class='ocrx_word' id='word_1_67' title='bbox 1630 1293 1995 1357; x_wconf 79' lang='lat' dir='ltr'><em>superasse,</em></span> <span class='ocrx_word' id='word_1_68' title='bbox 2052 1293 2133 1337; x_wconf 80' lang='lat' dir='ltr'><em>esc</em></span> <span class='ocrx_word' id='word_1_69' title='bbox 2175 1294 2246 1337; x_wconf 92' lang='lat' dir='ltr'><em>eo</em></span> <span class='ocrx_word' id='word_1_70' title='bbox 2282 1280 2488 1357; x_wconf 88' lang='lat' dir='ltr'><em>patet,</em></span> <span class='ocrx_word' id='word_1_71' title='bbox 2509 1305 2549 1396; x_wconf 55' lang='grc' dir='ltr'><strong><em>ι</em></strong></span> 
     </span>
    </p>

    <p class='ocr_par' dir='ltr' id='par_1_6' title="bbox 238 1339 2550 1778">
     <span class='ocr_line' id='line_1_11' title="bbox 282 1339 2550 1443; baseline 0 -23"><span class='ocrx_word' id='word_1_72' title='bbox 282 1357 415 1421; x_wconf 88' lang='lat' dir='ltr'><em>uod</em></span> <span class='ocrx_word' id='word_1_73' title='bbox 445 1365 579 1420; x_wconf 87' lang='lat' dir='ltr'><em>tam</em></span> <span class='ocrx_word' id='word_1_74' title='bbox 609 1356 899 1422; x_wconf 86' lang='lat' dir='ltr'><em>Karolus</em></span> <span class='ocrx_word' id='word_1_75' title='bbox 926 1377 1046 1421; x_wconf 80' lang='lat' dir='ltr'><em>reoe</em></span> <span class='ocrx_word' id='word_1_76' title='bbox 1085 1377 1283 1443; x_wconf 77' lang='lat' dir='ltr'><em>quam</em></span> <span class='ocrx_word' id='word_1_77' title='bbox 1311 1354 1750 1420; x_wconf 79' lang='lat' dir='ltr'><em>Adallzardus</em></span> <span class='ocrx_word' id='word_1_78' title='bbox 1781 1356 1984 1420; x_wconf 91' lang='lat' dir='ltr'><em>abbas</em></span> <span class='ocrx_word' id='word_1_79' title='bbox 2012 1354 2157 1421; x_wconf 88' lang='lat' dir='ltr'><em>stilo</em></span> <span class='ocrx_word' id='word_1_80' title='bbox 2187 1358 2331 1442; x_wconf 81' lang='lat' dir='ltr'><em>ejus</em></span> <span class='ocrx_word' id='word_1_81' title='bbox 2359 1364 2488 1421; x_wconf 89' lang='lat' dir='ltr'><em>ute·</em></span> <span class='ocrx_word' id='word_1_82' title='bbox 2541 1339 2550 1382; x_wconf 77' lang='lat'>²</span> 
     </span>
     <span class='ocr_line' id='line_1_12' title="bbox 241 1378 2487 1526; baseline 0 -21"><span class='ocrx_word' id='word_1_83' title='bbox 241 1378 486 1505; x_wconf 60' lang='lat' dir='ltr'><em>gantur</em></span> <span class='ocrx_word' id='word_1_84' title='bbox 555 1441 645 1505; x_wconf 94' lang='lat' dir='ltr'><em>ad</em></span> <span class='ocrx_word' id='word_1_85' title='bbox 697 1439 898 1505; x_wconf 91' lang='lat' dir='ltr'><em>libros</em></span> <span class='ocrx_word' id='word_1_86' title='bbox 951 1449 1189 1505; x_wconf 86' lang='lat' dir='ltr'><em>veteres</em></span> <span class='ocrx_word' id='word_1_87' title='bbox 1246 1439 1713 1522; x_wconf 86' lang='lat' dir='ltr'><em>emendandos,</em></span> <span class='ocrx_word' id='word_1_88' title='bbox 1767 1438 2169 1505; x_wconf 82' lang='lat' dir='ltr'><em>soloecismos</em></span> <span class='ocrx_word' id='word_1_89' title='bbox 2222 1440 2487 1526; x_wconf 81' lang='lat' dir='ltr'><em>aliaque</em></span> 
     </span>
     <span class='ocr_line' id='line_1_13' title="bbox 238 1521 2489 1612; baseline 0 -24"><span class='ocrx_word' id='word_1_90' title='bbox 238 1525 404 1588; x_wconf 81' lang='lat' dir='ltr'><em>vitia</em></span> <span class='ocrx_word' id='word_1_91' title='bbox 464 1523 875 1590; x_wconf 86' lang='lat' dir='ltr'><em>eliminanda</em></span> <span class='ocrx_word' id='word_1_92' title='bbox 890 1535 933 1586; x_wconf 85' lang='lat'><em>¹.</em></span> <span class='ocrx_word' id='word_1_93' title='bbox 1020 1524 1106 1587; x_wconf 82' lang='lat' dir='ltr'><em>Et</em></span> <span class='ocrx_word' id='word_1_94' title='bbox 1150 1546 1347 1612; x_wconf 81' lang='lat' dir='ltr'><em>quam</em></span> <span class='ocrx_word' id='word_1_95' title='bbox 1390 1521 1741 1610; x_wconf 66' lang='lat' dir='ltr'><em>diligenter</em></span> <span class='ocrx_word' id='word_1_96' title='bbox 1782 1525 1857 1588; x_wconf 87' lang='lat' dir='ltr'><em>in</em></span> <span class='ocrx_word' id='word_1_97' title='bbox 1903 1524 2026 1588; x_wconf 75' lang='lat' dir='ltr'><em>bac</em></span> <span class='ocrx_word' id='word_1_98' title='bbox 2077 1546 2146 1588; x_wconf 89' lang='lat' dir='ltr'><em>re</em></span> <span class='ocrx_word' id='word_1_99' title='bbox 2189 1534 2489 1588; x_wconf 88' lang='lat' dir='ltr'><em>versatus</em></span> 
     </span>
     <span class='ocr_line' id='line_1_14' title="bbox 241 1606 2490 1693; baseline -0.001 -21"><span class='ocrx_word' id='word_1_100' title='bbox 241 1609 357 1688; x_wconf 89' lang='lat' dir='ltr'><em>sit,</em></span> <span class='ocrx_word' id='word_1_101' title='bbox 418 1609 560 1693; x_wconf 88' lang='lat' dir='ltr'><em>ipse</em></span> <span class='ocrx_word' id='word_1_102' title='bbox 616 1606 892 1692; x_wconf 89' lang='lat' dir='ltr'><em>epistola</em></span> <span class='ocrx_word' id='word_1_103' title='bbox 951 1608 1039 1672; x_wconf 91' lang='lat' dir='ltr'><em>ad</em></span> <span class='ocrx_word' id='word_1_104' title='bbox 1096 1606 1565 1673; x_wconf 77' lang='lat' dir='ltr'><em>Adalhardum</em></span> <span class='ocrx_word' id='word_1_105' title='bbox 1630 1608 1793 1672; x_wconf 89' lang='lat' dir='ltr'><em>data</em></span> <span class='ocrx_word' id='word_1_106' title='bbox 1847 1606 2216 1693; x_wconf 84' lang='lat' dir='ltr'><em>profitetur.</em></span> <span class='ocrx_word' id='word_1_107' title='bbox 2316 1606 2490 1673; x_wconf 81' lang='lat' dir='ltr'><em>Sunt</em></span> 
     </span>
     <span class='ocr_line' id='line_1_15' title="bbox 238 1691 1971 1778; baseline -0.001 -24"><span class='ocrx_word' id='word_1_108' title='bbox 238 1694 354 1777; x_wconf 80' lang='lat' dir='ltr'><em>qui</em></span> <span class='ocrx_word' id='word_1_109' title='bbox 394 1693 593 1756; x_wconf 85' lang='lat' dir='ltr'><em>etiam</em></span> <span class='ocrx_word' id='word_1_110' title='bbox 636 1693 1136 1778; x_wconf 63' lang='lat' dir='ltr'><em>grammaticum</em></span> <span class='ocrx_word' id='word_1_111' title='bbox 1180 1713 1346 1777; x_wconf 85' lang='lat' dir='ltr'><em>opus</em></span> <span class='ocrx_word' id='word_1_112' title='bbox 1387 1692 1525 1775; x_wconf 88' lang='lat' dir='ltr'><em>ipsi</em></span> <span class='ocrx_word' id='word_1_113' title='bbox 1565 1691 1971 1761; x_wconf 51' lang='lat' dir='ltr'><em>tribuerint&amp;</em></span> 
     </span>
    </p>

    <p class='ocr_par' dir='ltr' id='par_1_7' title="bbox 232 1773 2488 3179">
     <span class='ocr_line' id='line_1_16' title="bbox 414 1773 2488 1861; baseline -0 -21"><span class='ocrx_word' id='word_1_114' title='bbox 414 1773 536 1840; x_wconf 79' lang='lat' dir='ltr'><em>Vise</em></span> <span class='ocrx_word' id='word_1_115' title='bbox 579 1784 791 1840; x_wconf 88' lang='lat' dir='ltr'><em>tamen</em></span> <span class='ocrx_word' id='word_1_116' title='bbox 841 1797 1210 1857; x_wconf 89' lang='lat' dir='ltr'><em>sermonem,</em></span> <span class='ocrx_word' id='word_1_117' title='bbox 1256 1773 1380 1861; x_wconf 81' lang='lat' dir='ltr'><em>quo</em></span> <span class='ocrx_word' id='word_1_118' title='bbox 1425 1775 1500 1840; x_wconf 89' lang='lat' dir='ltr'><em>in</em></span> <span class='ocrx_word' id='word_1_119' title='bbox 1546 1775 1850 1840; x_wconf 88' lang='lat' dir='ltr'><em>Historia</em></span> <span class='ocrx_word' id='word_1_120' title='bbox 1891 1773 2488 1861; x_wconf 64' lang='lat' dir='ltr'><em>Langobardorum</em></span> 
     </span>
     <span class='ocr_line' id='line_1_17' title="bbox 238 1857 2484 1960; baseline 0.001 -39"><span class='ocrx_word' id='word_1_121' title='bbox 238 1879 400 1922; x_wconf 88' lang='lat' dir='ltr'><em>usus</em></span> <span class='ocrx_word' id='word_1_122' title='bbox 453 1867 563 1940; x_wconf 88' lang='lat' dir='ltr'><em>est,</em></span> <span class='ocrx_word' id='word_1_123' title='bbox 605 1858 1014 1924; x_wconf 81' lang='lat' dir='ltr'><em>laudaveris.</em></span> <span class='ocrx_word' id='word_1_124' title='bbox 1102 1857 1183 1923; x_wconf 82' lang='lat' dir='ltr'><em>Si</em></span> <span class='ocrx_word' id='word_1_125' title='bbox 1226 1857 1559 1923; x_wconf 86' lang='lat' dir='ltr'><em>codicibus</em></span> <span class='ocrx_word' id='word_1_126' title='bbox 1604 1859 2086 1960; x_wconf 60' lang='lat' dir='ltr'><em>antiquissimis</em></span> <span class='ocrx_word' id='word_1_127' title='bbox 2108 1858 2305 1941; x_wconf 83' lang='lat' dir='ltr'><em>fides,</em></span> <span class='ocrx_word' id='word_1_128' title='bbox 2351 1880 2484 1924; x_wconf 91' lang='lat' dir='ltr'><em>non</em></span> 
     </span>
     <span class='ocr_line' id='line_1_18' title="bbox 237 1940 2487 2089; baseline 0.001 -85"><span class='ocrx_word' id='word_1_129' title='bbox 237 1963 396 2005; x_wconf 91' lang='lat' dir='ltr'><em>raro</em></span> <span class='ocrx_word' id='word_1_130' title='bbox 438 1951 669 2007; x_wconf 88' lang='lat' dir='ltr'><em>contra</em></span> <span class='ocrx_word' id='word_1_131' title='bbox 703 1945 1172 2029; x_wconf 64' lang='lat' dir='ltr'><em>grammaticae</em></span> <span class='ocrx_word' id='word_1_132' title='bbox 1208 1942 1475 2089; x_wconf 58' lang='lat' dir='ltr'><em>relqulas</em></span> <span class='ocrx_word' id='word_1_133' title='bbox 1509 1951 1811 2043; x_wconf 73' lang='lat' dir='ltr'><em>peccavit</em></span> <span class='ocrx_word' id='word_1_134' title='bbox 1840 1940 2114 2007; x_wconf 85' lang='lat' dir='ltr'><em>Paulus.</em></span> <span class='ocrx_word' id='word_1_135' title='bbox 2179 1942 2487 2028; x_wconf 68' lang='lat' dir='ltr'><em>Linquae</em></span> 
     </span>
     <span class='ocr_line' id='line_1_19' title="bbox 238 2024 2487 2111; baseline 0.001 -22"><span class='ocrx_word' id='word_1_136' title='bbox 238 2024 350 2089; x_wconf 82' lang='lat' dir='ltr'><em>vul</em></span> <span class='ocrx_word' id='word_1_137' title='bbox 398 2027 560 2106; x_wconf 89' lang='lat' dir='ltr'><em>aris,</em></span> <span class='ocrx_word' id='word_1_138' title='bbox 606 2049 740 2111; x_wconf 82' lang='lat' dir='ltr'><em>qua</em></span> <span class='ocrx_word' id='word_1_139' title='bbox 783 2049 833 2089; x_wconf 92' lang='lat' dir='ltr'><em>s.</em></span> <span class='ocrx_word' id='word_1_140' title='bbox 888 2025 1023 2089; x_wconf 90' lang='lat' dir='ltr'><em>VII.</em></span> <span class='ocrx_word' id='word_1_141' title='bbox 1069 2035 1126 2090; x_wconf 90' lang='lat' dir='ltr'><em>et</em></span> <span class='ocrx_word' id='word_1_142' title='bbox 1179 2025 1272 2090; x_wconf 93' lang='lat' dir='ltr'><em>VI</em></span> <span class='ocrx_word' id='word_1_143' title='bbox 1301 2025 1354 2089; x_wconf 91' lang='lat' dir='ltr'><em>I.</em></span> <span class='ocrx_word' id='word_1_144' title='bbox 1398 2036 1750 2111; x_wconf 76' lang='lat' dir='ltr'><em>scriptores</em></span> <span class='ocrx_word' id='word_1_145' title='bbox 1794 2034 2049 2090; x_wconf 86' lang='lat' dir='ltr'><em>tantum</em></span> <span class='ocrx_word' id='word_1_146' title='bbox 2093 2048 2226 2091; x_wconf 88' lang='lat' dir='ltr'><em>non</em></span> <span class='ocrx_word' id='word_1_147' title='bbox 2271 2048 2487 2091; x_wconf 86' lang='lat' dir='ltr'><em>omnes</em></span> 
     </span>
     <span class='ocr_line' id='line_1_20' title="bbox 242 2107 2485 2197; baseline 0.001 -25"><span class='ocrx_word' id='word_1_148' title='bbox 242 2118 345 2173; x_wconf 88' lang='lat' dir='ltr'><em>ute</em></span> <span class='ocrx_word' id='word_1_149' title='bbox 387 2119 609 2191; x_wconf 84' lang='lat' dir='ltr'><em>antur,</em></span> <span class='ocrx_word' id='word_1_150' title='bbox 641 2118 773 2174; x_wconf 85' lang='lat' dir='ltr'><em>tam</em></span> <span class='ocrx_word' id='word_1_151' title='bbox 796 2109 955 2174; x_wconf 82' lang='lat' dir='ltr'><em>Itali</em></span> <span class='ocrx_word' id='word_1_152' title='bbox 984 2132 1180 2195; x_wconf 82' lang='lat' dir='ltr'><em>quam</em></span> <span class='ocrx_word' id='word_1_153' title='bbox 1212 2107 1415 2190; x_wconf 85' lang='lat' dir='ltr'><em>Galli,</em></span> <span class='ocrx_word' id='word_1_154' title='bbox 1450 2112 1728 2197; x_wconf 73' lang='lat' dir='ltr'><em>vestiyia</em></span> <span class='ocrx_word' id='word_1_155' title='bbox 1758 2131 1893 2174; x_wconf 89' lang='lat' dir='ltr'><em>non</em></span> <span class='ocrx_word' id='word_1_156' title='bbox 1914 2130 2144 2194; x_wconf 90' lang='lat' dir='ltr'><em>pauca</em></span> <span class='ocrx_word' id='word_1_157' title='bbox 2173 2111 2485 2174; x_wconf 87' lang='lat' dir='ltr'><em>invenies.</em></span> 
     </span>
     <span class='ocr_line' id='line_1_21' title="bbox 237 2192 2482 2279; baseline 0 -22"><span class='ocrx_word' id='word_1_158' title='bbox 237 2192 388 2259; x_wconf 89' lang='lat' dir='ltr'><em>Non</em></span> <span class='ocrx_word' id='word_1_159' title='bbox 434 2202 606 2259; x_wconf 86' lang='lat' dir='ltr'><em>certo</em></span> <span class='ocrx_word' id='word_1_160' title='bbox 650 2196 892 2258; x_wconf 89' lang='lat' dir='ltr'><em>certius</em></span> <span class='ocrx_word' id='word_1_161' title='bbox 937 2202 1206 2273; x_wconf 81' lang='lat' dir='ltr'><em>constat,</em></span> <span class='ocrx_word' id='word_1_162' title='bbox 1251 2215 1418 2279; x_wconf 81' lang='lat' dir='ltr'><em>quae</em></span> <span class='ocrx_word' id='word_1_163' title='bbox 1460 2196 1599 2278; x_wconf 89' lang='lat' dir='ltr'><em>ipsi</em></span> <span class='ocrx_word' id='word_1_164' title='bbox 1633 2193 1866 2275; x_wconf 85' lang='lat' dir='ltr'><em>Paulo,</em></span> <span class='ocrx_word' id='word_1_165' title='bbox 1955 2216 2080 2257; x_wconf 85' lang='lat' dir='ltr'><em>uae</em></span> <span class='ocrx_word' id='word_1_166' title='bbox 2124 2213 2482 2257; x_wconf 83' lang='lat' dir='ltr'><em>amanuen-</em></span> 
     </span>
     <span class='ocr_line' id='line_1_22' title="bbox 237 2275 2485 2362; baseline 0 -22"><span class='ocrx_word' id='word_1_167' title='bbox 237 2277 417 2341; x_wconf 87' lang='lat' dir='ltr'><em>sibus</em></span> <span class='ocrx_word' id='word_1_168' title='bbox 483 2279 616 2342; x_wconf 88' lang='lat' dir='ltr'><em>sint</em></span> <span class='ocrx_word' id='word_1_169' title='bbox 678 2277 1047 2343; x_wconf 89' lang='lat' dir='ltr'><em>tribuenda.</em></span> <span class='ocrx_word' id='word_1_170' title='bbox 1156 2275 1238 2341; x_wconf 84' lang='lat' dir='ltr'><em>Si</em></span> <span class='ocrx_word' id='word_1_171' title='bbox 1303 2276 1609 2341; x_wconf 85' lang='lat' dir='ltr'><em>Historia</em></span> <span class='ocrx_word' id='word_1_172' title='bbox 1665 2277 1898 2362; x_wconf 72' lang='lat' dir='ltr'><em>Lanqo</em></span> <span class='ocrx_word' id='word_1_173' title='bbox 1944 2277 2261 2340; x_wconf 88' lang='lat' dir='ltr'><em>ardorum</em></span> <span class='ocrx_word' id='word_1_174' title='bbox 2327 2275 2485 2340; x_wconf 89' lang='lat' dir='ltr'><em>aliis</em></span> 
     </span>
     <span class='ocr_line' id='line_1_23' title="bbox 235 2358 2486 2447; baseline 0 -25"><span class='ocrx_word' id='word_1_175' title='bbox 235 2358 420 2425; x_wconf 90' lang='lat' dir='ltr'><em>libris</em></span> <span class='ocrx_word' id='word_1_176' title='bbox 446 2359 886 2447; x_wconf 66' lang='lat' dir='ltr'><em>negliyentius</em></span> <span class='ocrx_word' id='word_1_177' title='bbox 907 2362 1159 2446; x_wconf 87' lang='lat' dir='ltr'><em>scripta</em></span> <span class='ocrx_word' id='word_1_178' title='bbox 1188 2360 1448 2425; x_wconf 85' lang='lat' dir='ltr'><em>videtur</em></span> <span class='ocrx_word' id='word_1_179' title='bbox 1476 2370 1535 2424; x_wconf 89' lang='lat' dir='ltr'><em>et</em></span> <span class='ocrx_word' id='word_1_180' title='bbox 1558 2360 1765 2445; x_wconf 89' lang='lat' dir='ltr'><em>plura</em></span> <span class='ocrx_word' id='word_1_181' title='bbox 1793 2359 2116 2424; x_wconf 88' lang='lat' dir='ltr'><em>barbarae</em></span> <span class='ocrx_word' id='word_1_182' title='bbox 2137 2358 2486 2423; x_wconf 86' lang='lat' dir='ltr'><em>locutionis</em></span> 
     </span>
     <span class='ocr_line' id='line_1_24' title="bbox 236 2442 2482 2530; baseline -0 -22"><span class='ocrx_word' id='word_1_183' title='bbox 236 2443 532 2528; x_wconf 74' lang='lat' dir='ltr'><em>exempla</em></span> <span class='ocrx_word' id='word_1_184' title='bbox 565 2445 856 2530; x_wconf 85' lang='lat' dir='ltr'><em>praebet,</em></span> <span class='ocrx_word' id='word_1_185' title='bbox 902 2445 1458 2509; x_wconf 83' lang='lat' dir='ltr'><em>considerandum</em></span> <span class='ocrx_word' id='word_1_186' title='bbox 1538 2443 1756 2509; x_wconf 88' lang='lat' dir='ltr'><em>uidem</em></span> <span class='ocrx_word' id='word_1_187' title='bbox 1784 2451 1892 2520; x_wconf 87' lang='lat' dir='ltr'><em>est,</em></span> <span class='ocrx_word' id='word_1_188' title='bbox 1941 2465 2105 2527; x_wconf 88' lang='lat' dir='ltr'><em>opus</em></span> <span class='ocrx_word' id='word_1_189' title='bbox 2148 2442 2482 2527; x_wconf 62' lang='lat' dir='ltr'><em>imperfec-</em></span> 
     </span>
     <span class='ocr_line' id='line_1_25' title="bbox 235 2466 2480 2613; baseline 0 -22"><span class='ocrx_word' id='word_1_190' title='bbox 235 2535 370 2592; x_wconf 80' lang='lat' dir='ltr'><em>tum</em></span> <span class='ocrx_word' id='word_1_191' title='bbox 414 2549 549 2592; x_wconf 91' lang='lat' dir='ltr'><em>esse</em></span> <span class='ocrx_word' id='word_1_192' title='bbox 590 2538 648 2592; x_wconf 92' lang='lat' dir='ltr'><em>et</em></span> <span class='ocrx_word' id='word_1_193' title='bbox 685 2529 802 2592; x_wconf 80' lang='lat' dir='ltr'><em>vioe</em></span> <span class='ocrx_word' id='word_1_194' title='bbox 847 2528 929 2592; x_wconf 90' lang='lat' dir='ltr'><em>ab</em></span> <span class='ocrx_word' id='word_1_195' title='bbox 974 2529 1120 2613; x_wconf 88' lang='lat' dir='ltr'><em>ipso</em></span> <span class='ocrx_word' id='word_1_196' title='bbox 1164 2527 1372 2593; x_wconf 85' lang='lat' dir='ltr'><em>Paulo</em></span> <span class='ocrx_word' id='word_1_197' title='bbox 1419 2466 1737 2594; x_wconf 55' lang='lat' dir='ltr'><em>refectum.</em></span> <span class='ocrx_word' id='word_1_198' title='bbox 1795 2526 1933 2592; x_wconf 88' lang='lat' dir='ltr'><em>Nec</em></span> <span class='ocrx_word' id='word_1_199' title='bbox 1964 2534 2177 2591; x_wconf 91' lang='lat' dir='ltr'><em>tamen</em></span> <span class='ocrx_word' id='word_1_200' title='bbox 2211 2548 2254 2589; x_wconf 90' lang='lat' dir='ltr'><em>a</em></span> <span class='ocrx_word' id='word_1_201' title='bbox 2263 2524 2480 2611; x_wconf 85' lang='lat' dir='ltr'><em>falsis</em></span> 
     </span>
     <span class='ocr_line' id='line_1_26' title="bbox 233 2609 2478 2697; baseline -0.002 -22"><span class='ocrx_word' id='word_1_202' title='bbox 233 2611 572 2677; x_wconf 87' lang='lat' dir='ltr'><em>verborum</em></span> <span class='ocrx_word' id='word_1_203' title='bbox 615 2610 866 2697; x_wconf 85' lang='lat' dir='ltr'><em>formis</em></span> <span class='ocrx_word' id='word_1_204' title='bbox 923 2621 981 2675; x_wconf 87' lang='lat' dir='ltr'><em>et</em></span> <span class='ocrx_word' id='word_1_205' title='bbox 1031 2612 1423 2676; x_wconf 88' lang='lat' dir='ltr'><em>soloecismis</em></span> <span class='ocrx_word' id='word_1_206' title='bbox 1474 2610 1866 2677; x_wconf 78' lang='lat' dir='ltr'><em>abstinuisse</em></span> <span class='ocrx_word' id='word_1_207' title='bbox 1918 2609 2278 2675; x_wconf 87' lang='lat' dir='ltr'><em>censendus</em></span> <span class='ocrx_word' id='word_1_208' title='bbox 2329 2618 2419 2674; x_wconf 90' lang='lat' dir='ltr'><em>est</em></span> <span class='ocrx_word' id='word_1_209' title='bbox 2431 2619 2478 2671; x_wconf 80' lang='lat'><em>⁸.</em></span> 
     </span>
     <span class='ocr_line' id='line_1_27' title="bbox 239 2692 2477 2780; baseline -0.001 -22"><span class='ocrx_word' id='word_1_210' title='bbox 239 2692 388 2769; x_wconf 84' lang='lat' dir='ltr'><em>Qua</em></span> <span class='ocrx_word' id='word_1_211' title='bbox 418 2696 498 2760; x_wconf 93' lang='lat' dir='ltr'><em>de</em></span> <span class='ocrx_word' id='word_1_212' title='bbox 528 2717 599 2759; x_wconf 89' lang='lat' dir='ltr'><em>re</em></span> <span class='ocrx_word' id='word_1_213' title='bbox 629 2718 774 2760; x_wconf 92' lang='lat' dir='ltr'><em>cum</em></span> <span class='ocrx_word' id='word_1_214' title='bbox 798 2693 961 2761; x_wconf 91' lang='lat' dir='ltr'><em>alibi</em></span> <span class='ocrx_word' id='word_1_215' title='bbox 969 2693 1136 2777; x_wconf 84' lang='lat' dir='ltr'><em>fuse</em></span> <span class='ocrx_word' id='word_1_216' title='bbox 1158 2696 1576 2761; x_wconf 87' lang='lat' dir='ltr'><em>disseruerim</em></span> <span class='ocrx_word' id='word_1_217' title='bbox 1600 2695 1723 2780; x_wconf 89' lang='lat' dir='ltr'><em>(N.</em></span> <span class='ocrx_word' id='word_1_218' title='bbox 1741 2694 1989 2760; x_wconf 77' lang='lat' dir='ltr'><em>Archiv</em></span> <span class='ocrx_word' id='word_1_219' title='bbox 2013 2695 2065 2774; x_wconf 89' lang='lat' dir='ltr'><em>I,</em></span> <span class='ocrx_word' id='word_1_220' title='bbox 2079 2716 2155 2779; x_wconf 91' lang='lat' dir='ltr'><em>p.</em></span> <span class='ocrx_word' id='word_1_221' title='bbox 2177 2693 2303 2759; x_wconf 85' lang='lat'><em>539</em></span> <span class='ocrx_word' id='word_1_222' title='bbox 2326 2696 2477 2779; x_wconf 81' lang='lat' dir='ltr'><em>sq.),</em></span> 
     </span>
     <span class='ocr_line' id='line_1_28' title="bbox 235 2777 2481 2863; baseline 0 -21"><span class='ocrx_word' id='word_1_223' title='bbox 235 2779 391 2844; x_wconf 78' lang='lat' dir='ltr'><em>haec</em></span> <span class='ocrx_word' id='word_1_224' title='bbox 436 2779 712 2844; x_wconf 87' lang='lat' dir='ltr'><em>breviter</em></span> <span class='ocrx_word' id='word_1_225' title='bbox 751 2780 1077 2844; x_wconf 89' lang='lat' dir='ltr'><em>monuisse</em></span> <span class='ocrx_word' id='word_1_226' title='bbox 1120 2801 1194 2843; x_wconf 88' lang='lat' dir='ltr'><em>su</em></span> <span class='ocrx_word' id='word_1_227' title='bbox 1216 2779 1414 2861; x_wconf 83' lang='lat' dir='ltr'><em>ficiat</em></span> <span class='ocrx_word' id='word_1_228' title='bbox 1429 2788 1476 2861; x_wconf 82' lang='lat'><em>⁴,</em></span> <span class='ocrx_word' id='word_1_229' title='bbox 1521 2802 1602 2845; x_wconf 90' lang='lat' dir='ltr'><em>ne</em></span> <span class='ocrx_word' id='word_1_230' title='bbox 1643 2779 1906 2844; x_wconf 89' lang='lat' dir='ltr'><em>lectores</em></span> <span class='ocrx_word' id='word_1_231' title='bbox 1947 2777 2284 2863; x_wconf 86' lang='lat' dir='ltr'><em>offendant</em></span> <span class='ocrx_word' id='word_1_232' title='bbox 2354 2800 2481 2842; x_wconf 89' lang='lat' dir='ltr'><em>uae</em></span> 
     </span>
     <span class='ocr_line' id='line_1_29' title="bbox 232 2861 2480 2948; baseline 0 -22"><span class='ocrx_word' id='word_1_233' title='bbox 232 2863 430 2928; x_wconf 87' lang='lat' dir='ltr'><em>nimis</em></span> <span class='ocrx_word' id='word_1_234' title='bbox 473 2862 754 2928; x_wconf 89' lang='lat' dir='ltr'><em>barbare</em></span> <span class='ocrx_word' id='word_1_235' title='bbox 797 2884 1110 2948; x_wconf 75' lang='lat' dir='ltr'><em>expressa</em></span> <span class='ocrx_word' id='word_1_236' title='bbox 1201 2863 1653 2946; x_wconf 77' lang='lat' dir='ltr'><em>eprehendent.</em></span> <span class='ocrx_word' id='word_1_237' title='bbox 1736 2861 1998 2928; x_wconf 82' lang='lat' dir='ltr'><em>Codices</em></span> <span class='ocrx_word' id='word_1_238' title='bbox 2037 2864 2231 2926; x_wconf 85' lang='lat' dir='ltr'><em>etiam</em></span> <span class='ocrx_word' id='word_1_239' title='bbox 2265 2885 2319 2948; x_wconf 91' lang='lat' dir='ltr'><em>p</em></span> <span class='ocrx_word' id='word_1_240' title='bbox 2350 2884 2480 2926; x_wconf 88' lang='lat' dir='ltr'><em>ura</em></span> 
     </span>
     <span class='ocr_line' id='line_1_30' title="bbox 232 2945 2479 3032; baseline 0 -23"><span class='ocrx_word' id='word_1_241' title='bbox 232 2947 557 3032; x_wconf 82' lang='lat' dir='ltr'><em>ejusmodi</em></span> <span class='ocrx_word' id='word_1_242' title='bbox 602 2945 939 3031; x_wconf 88' lang='lat' dir='ltr'><em>praebent,</em></span> <span class='ocrx_word' id='word_1_243' title='bbox 999 2955 1057 3010; x_wconf 87' lang='lat' dir='ltr'><em>et</em></span> <span class='ocrx_word' id='word_1_244' title='bbox 1113 2956 1300 3011; x_wconf 88' lang='lat' dir='ltr'><em>caute</em></span> <span class='ocrx_word' id='word_1_245' title='bbox 1357 2970 1435 3011; x_wconf 91' lang='lat' dir='ltr'><em>ea</em></span> <span class='ocrx_word' id='word_1_246' title='bbox 1491 2955 1745 3011; x_wconf 85' lang='lat' dir='ltr'><em>tantum</em></span> <span class='ocrx_word' id='word_1_247' title='bbox 1803 2948 2021 3031; x_wconf 87' lang='lat' dir='ltr'><em>recepi</em></span> <span class='ocrx_word' id='word_1_248' title='bbox 2078 2967 2245 3032; x_wconf 74' lang='lat' dir='ltr'><em>quae</em></span> <span class='ocrx_word' id='word_1_249' title='bbox 2304 2954 2479 3010; x_wconf 87' lang='lat' dir='ltr'><em>certa</em></span> 
     </span>
     <span class='ocr_line' id='line_1_31' title="bbox 232 3029 2479 3117; baseline -0 -23"><span class='ocrx_word' id='word_1_250' title='bbox 232 3052 456 3094; x_wconf 87' lang='lat' dir='ltr'><em>eorum</em></span> <span class='ocrx_word' id='word_1_251' title='bbox 487 3031 872 3095; x_wconf 86' lang='lat' dir='ltr'><em>auctoritate</em></span> <span class='ocrx_word' id='word_1_252' title='bbox 899 3029 1150 3114; x_wconf 87' lang='lat' dir='ltr'><em>fulciri</em></span> <span class='ocrx_word' id='word_1_253' title='bbox 1183 3029 1595 3112; x_wconf 84' lang='lat' dir='ltr'><em>videbantur,</em></span> <span class='ocrx_word' id='word_1_254' title='bbox 1642 3029 1796 3096; x_wconf 88' lang='lat' dir='ltr'><em>aliis</em></span> <span class='ocrx_word' id='word_1_255' title='bbox 1827 3052 1995 3117; x_wconf 77' lang='lat' dir='ltr'><em>quae</em></span> <span class='ocrx_word' id='word_1_256' title='bbox 2024 3031 2243 3117; x_wconf 65' lang='lat' dir='ltr'><em>magis</em></span> <span class='ocrx_word' id='word_1_257' title='bbox 2274 3029 2479 3094; x_wconf 87' lang='lat' dir='ltr'><em>dubia</em></span> 
     </span>
     <span class='ocr_line' id='line_1_32' title="bbox 232 3111 1374 3179; baseline 0.002 -4"><span class='ocrx_word' id='word_1_258' title='bbox 232 3123 424 3178; x_wconf 85' lang='lat' dir='ltr'><em>erant</em></span> <span class='ocrx_word' id='word_1_259' title='bbox 465 3115 541 3178; x_wconf 90' lang='lat' dir='ltr'><em>in</em></span> <span class='ocrx_word' id='word_1_260' title='bbox 586 3114 1045 3179; x_wconf 87' lang='lat' dir='ltr'><em>annotationes</em></span> <span class='ocrx_word' id='word_1_261' title='bbox 1087 3111 1316 3179; x_wconf 89' lang='lat' dir='ltr'><em>relatis</em></span> <span class='ocrx_word' id='word_1_262' title='bbox 1330 3124 1374 3177; x_wconf 77' lang='lat'><em>⁵.</em></span> 
     </span>
    </p>
   </div>
   <div class='ocr_carea' id='block_1_3' title="bbox 224 3290 2485 4454">
    <p class='ocr_par' dir='ltr' id='par_1_8' title="bbox 224 3290 2485 4454">
     <span class='ocr_line' id='line_1_33' title="bbox 233 3290 2479 3360; baseline 0.001 -19"><span class='ocrx_word' id='word_1_263' title='bbox 233 3290 289 3358; x_wconf 88' lang='lat'><em>1)</em></span> <span class='ocrx_word' id='word_1_264' title='bbox 329 3290 526 3346; x_wconf 88' lang='lat' dir='ltr'><em>Nescio</em></span> <span class='ocrx_word' id='word_1_265' title='bbox 560 3292 707 3345; x_wconf 85' lang='lat' dir='ltr'><em>unde</em></span> <span class='ocrx_word' id='word_1_266' title='bbox 744 3291 1021 3356; x_wconf 83' lang='lat' dir='ltr'><em>Mabillon,</em></span> <span class='ocrx_word' id='word_1_267' title='bbox 1061 3292 1147 3345; x_wconf 87' lang='lat' dir='ltr'><em>De</em></span> <span class='ocrx_word' id='word_1_268' title='bbox 1183 3309 1244 3345; x_wconf 87' lang='lat' dir='ltr'><em>re</em></span> <span class='ocrx_word' id='word_1_269' title='bbox 1281 3292 1415 3359; x_wconf 82' lang='lat' dir='ltr'><em>dipl.</em></span> <span class='ocrx_word' id='word_1_270' title='bbox 1445 3311 1508 3360; x_wconf 82' lang='lat' dir='ltr'><em>p.</em></span> <span class='ocrx_word' id='word_1_271' title='bbox 1553 3294 1638 3356; x_wconf 76' lang='lat'><em>51,</em></span> <span class='ocrx_word' id='word_1_272' title='bbox 1679 3292 1934 3355; x_wconf 74' lang='lat' dir='ltr'><em>hauserit,</em></span> <span class='ocrx_word' id='word_1_273' title='bbox 1976 3309 2095 3346; x_wconf 89' lang='lat' dir='ltr'><em>cum</em></span> <span class='ocrx_word' id='word_1_274' title='bbox 2131 3294 2292 3358; x_wconf 85' lang='lat' dir='ltr'><em>dicat,</em></span> <span class='ocrx_word' id='word_1_275' title='bbox 2333 3292 2479 3345; x_wconf 88' lang='lat' dir='ltr'><em>Pau·</em></span> 
     </span>
     <span class='ocr_line' id='line_1_34' title="bbox 231 3363 2477 3434; baseline 0 -18"><span class='ocrx_word' id='word_1_276' title='bbox 231 3365 337 3417; x_wconf 86' lang='lat' dir='ltr'><em>lum</em></span> <span class='ocrx_word' id='word_1_277' title='bbox 367 3365 615 3418; x_wconf 71' lang='lat' dir='ltr'><em>homilias</em></span> <span class='ocrx_word' id='word_1_278' title='bbox 641 3382 748 3432; x_wconf 84' lang='lat' dir='ltr'><em>per</em></span> <span class='ocrx_word' id='word_1_279' title='bbox 785 3382 989 3417; x_wconf 87' lang='lat' dir='ltr'><em>annum</em></span> <span class='ocrx_word' id='word_1_280' title='bbox 1025 3364 1128 3434; x_wconf 74' lang='lat' dir='ltr'><em>leqi</em></span> <span class='ocrx_word' id='word_1_281' title='bbox 1164 3364 1346 3418; x_wconf 84' lang='lat' dir='ltr'><em>solitas</em></span> <span class='ocrx_word' id='word_1_282' title='bbox 1384 3374 1433 3419; x_wconf 85' lang='lat' dir='ltr'><em>et</em></span> <span class='ocrx_word' id='word_1_283' title='bbox 1472 3365 1675 3432; x_wconf 81' lang='lat' dir='ltr'><em>aliquot</em></span> <span class='ocrx_word' id='word_1_284' title='bbox 1699 3363 1992 3434; x_wconf 75' lang='lat' dir='ltr'><em>Auyustini</em></span> <span class='ocrx_word' id='word_1_285' title='bbox 2031 3364 2281 3432; x_wconf 81' lang='lat' dir='ltr'><em>epistolas</em></span> <span class='ocrx_word' id='word_1_286' title='bbox 2319 3366 2477 3418; x_wconf 85' lang='lat' dir='ltr'><em>inter-</em></span> 
     </span>
     <span class='ocr_line' id='line_1_35' title="bbox 224 3436 2479 3507; baseline -0 -17"><span class='ocrx_word' id='word_1_287' title='bbox 224 3437 532 3505; x_wconf 76' lang='lat' dir='ltr'><em>punctionis</em></span> <span class='ocrx_word' id='word_1_288' title='bbox 571 3438 863 3507; x_wconf 76' lang='lat' dir='ltr'><em>siynaculis</em></span> <span class='ocrx_word' id='word_1_289' title='bbox 900 3436 1214 3491; x_wconf 81' lang='lat' dir='ltr'><em>illustrasse.</em></span> <span class='ocrx_word' id='word_1_290' title='bbox 1295 3436 1439 3491; x_wconf 89' lang='lat' dir='ltr'><em>C&#39;erte</em></span> <span class='ocrx_word' id='word_1_291' title='bbox 1475 3437 1538 3490; x_wconf 87' lang='lat' dir='ltr'><em>in</em></span> <span class='ocrx_word' id='word_1_292' title='bbox 1574 3437 1799 3504; x_wconf 81' lang='lat' dir='ltr'><em>epistola</em></span> <span class='ocrx_word' id='word_1_293' title='bbox 1836 3436 2029 3490; x_wconf 88' lang='lat' dir='ltr'><em>Karoli</em></span> <span class='ocrx_word' id='word_1_294' title='bbox 2077 3436 2341 3504; x_wconf 77' lang='lat' dir='ltr'><em>encyclica</em></span> <span class='ocrx_word' id='word_1_295' title='bbox 2376 3438 2479 3491; x_wconf 74' lang='lat' dir='ltr'><em>hac</em></span> 
     </span>
     <span class='ocr_line' id='line_1_36' title="bbox 232 3509 2478 3582; baseline 0 -20"><span class='ocrx_word' id='word_1_296' title='bbox 232 3511 297 3564; x_wconf 87' lang='lat' dir='ltr'><em>de</em></span> <span class='ocrx_word' id='word_1_297' title='bbox 334 3528 393 3564; x_wconf 84' lang='lat' dir='ltr'><em>rs</em></span> <span class='ocrx_word' id='word_1_298' title='bbox 443 3509 594 3564; x_wconf 73' lang='lat' dir='ltr'><em>nihil.</em></span> <span class='ocrx_word' id='word_1_299' title='bbox 750 3509 807 3577; x_wconf 82' lang='lat'><em>2)</em></span> <span class='ocrx_word' id='word_1_300' title='bbox 850 3510 930 3578; x_wconf 65' lang='grc' dir='ltr'><em>(ΣΥ.</em></span> <span class='ocrx_word' id='word_1_301' title='bbox 982 3511 1283 3563; x_wconf 77' lang='lat' dir='ltr'><em>Bethmann</em></span> <span class='ocrx_word' id='word_1_302' title='bbox 1323 3530 1387 3579; x_wconf 81' lang='lat' dir='ltr'><em>p.</em></span> <span class='ocrx_word' id='word_1_303' title='bbox 1440 3512 1568 3576; x_wconf 86' lang='lat'><em>319,</em></span> <span class='ocrx_word' id='word_1_304' title='bbox 1618 3510 1713 3577; x_wconf 81' lang='lat' dir='ltr'><em>qui</em></span> <span class='ocrx_word' id='word_1_305' title='bbox 1762 3509 2061 3564; x_wconf 86' lang='lat' dir='ltr'><em>testimonia</em></span> <span class='ocrx_word' id='word_1_306' title='bbox 2112 3510 2328 3582; x_wconf 67' lang='lat' dir='ltr'><em>colleyit.</em></span> <span class='ocrx_word' id='word_1_307' title='bbox 2405 3510 2478 3563; x_wconf 90' lang='lat' dir='ltr'><em>In</em></span> 
     </span>
     <span class='ocr_line' id='line_1_37' title="bbox 231 3581 2478 3651; baseline 0 -16"><span class='ocrx_word' id='word_1_308' title='bbox 231 3591 335 3636; x_wconf 86' lang='lat' dir='ltr'><em>cat.</em></span> <span class='ocrx_word' id='word_1_309' title='bbox 375 3584 497 3637; x_wconf 86' lang='lat' dir='ltr'><em>bibl.</em></span> <span class='ocrx_word' id='word_1_310' title='bbox 535 3582 800 3637; x_wconf 71' lang='lat' dir='ltr'><em>Lauresli.</em></span> <span class='ocrx_word' id='word_1_311' title='bbox 841 3601 931 3651; x_wconf 77' lang='lat' dir='ltr'><em>ap.</em></span> <span class='ocrx_word' id='word_1_312' title='bbox 971 3583 1092 3636; x_wconf 72' lang='lat' dir='ltr'><em>Mai</em></span> <span class='ocrx_word' id='word_1_313' title='bbox 1128 3583 1314 3651; x_wconf 79' lang='lat' dir='ltr'><em>Spicil.</em></span> <span class='ocrx_word' id='word_1_314' title='bbox 1364 3584 1424 3649; x_wconf 82' lang='lat' dir='ltr'><em>V,</em></span> <span class='ocrx_word' id='word_1_315' title='bbox 1469 3601 1535 3650; x_wconf 90' lang='lat' dir='ltr'><em>p.</em></span> <span class='ocrx_word' id='word_1_316' title='bbox 1580 3584 1644 3634; x_wconf 83' lang='lat'><em>19</em></span> <span class='ocrx_word' id='word_1_317' title='bbox 1699 3581 1914 3649; x_wconf 74' lang='lat' dir='ltr'><em>(Rhein.</em></span> <span class='ocrx_word' id='word_1_318' title='bbox 1964 3583 2107 3636; x_wconf 84' lang='lat' dir='ltr'><em>Mus.</em></span> <span class='ocrx_word' id='word_1_319' title='bbox 2160 3581 2383 3647; x_wconf 68' lang='lat' dir='ltr'><em>XXIII,</em></span> <span class='ocrx_word' id='word_1_320' title='bbox 2411 3600 2478 3650; x_wconf 76' lang='lat' dir='ltr'><em>p.</em></span> 
     </span>
     <span class='ocr_line' id='line_1_38' title="bbox 229 3655 2478 3725; baseline 0 -18"><span class='ocrx_word' id='word_1_321' title='bbox 229 3657 364 3721; x_wconf 80' lang='lat'><em>890)</em></span> <span class='ocrx_word' id='word_1_322' title='bbox 419 3655 637 3725; x_wconf 65' lang='lat' dir='ltr'><em>legitur:</em></span> <span class='ocrx_word' id='word_1_323' title='bbox 686 3658 788 3710; x_wconf 80' lang='lat' dir='ltr'><em>Ars</em></span> <span class='ocrx_word' id='word_1_324' title='bbox 838 3658 1192 3724; x_wconf 78' lang='lat' dir='ltr'><em>grammatica</em></span> <span class='ocrx_word' id='word_1_325' title='bbox 1241 3658 1296 3710; x_wconf 80' lang='lat' dir='ltr'><em>S.</em></span> <span class='ocrx_word' id='word_1_326' title='bbox 1345 3656 1650 3722; x_wconf 75' lang='lat' dir='ltr'><em>Augustini.</em></span> <span class='ocrx_word' id='word_1_327' title='bbox 1739 3658 1876 3708; x_wconf 79' lang='lat' dir='ltr'><em>Item</em></span> <span class='ocrx_word' id='word_1_328' title='bbox 1927 3656 2088 3708; x_wconf 78' lang='lat' dir='ltr'><em>Pauli</em></span> <span class='ocrx_word' id='word_1_329' title='bbox 2136 3656 2368 3707; x_wconf 80' lang='lat' dir='ltr'><em>Diaconi</em></span> <span class='ocrx_word' id='word_1_330' title='bbox 2407 3656 2478 3708; x_wconf 80' lang='lat' dir='ltr'><em>ad</em></span> 
     </span>
     <span class='ocr_line' id='line_1_39' title="bbox 233 3727 2478 3797; baseline 0 -15"><span class='ocrx_word' id='word_1_331' title='bbox 233 3729 487 3782; x_wconf 73' lang='lat' dir='ltr'><em>Catulum</em></span> <span class='ocrx_word' id='word_1_332' title='bbox 525 3746 728 3796; x_wconf 82' lang='lat' dir='ltr'><em>regem.</em></span> <span class='ocrx_word' id='word_1_333' title='bbox 804 3728 876 3782; x_wconf 88' lang='lat' dir='ltr'><em>Id</em></span> <span class='ocrx_word' id='word_1_334' title='bbox 912 3747 1036 3783; x_wconf 84' lang='lat' dir='ltr'><em>vero</em></span> <span class='ocrx_word' id='word_1_335' title='bbox 1075 3732 1272 3797; x_wconf 82' lang='lat' dir='ltr'><em>procul</em></span> <span class='ocrx_word' id='word_1_336' title='bbox 1321 3728 1482 3782; x_wconf 88' lang='lat' dir='ltr'><em>dubio</em></span> <span class='ocrx_word' id='word_1_337' title='bbox 1525 3728 1599 3781; x_wconf 86' lang='lat' dir='ltr'><em>ad</em></span> <span class='ocrx_word' id='word_1_338' title='bbox 1648 3729 1876 3782; x_wconf 84' lang='lat' dir='ltr'><em>codicem</em></span> <span class='ocrx_word' id='word_1_339' title='bbox 1913 3727 2148 3796; x_wconf 81' lang='lat' dir='ltr'><em>pertinet</em></span> <span class='ocrx_word' id='word_1_340' title='bbox 2182 3745 2324 3781; x_wconf 86' lang='lat' dir='ltr'><em>nunc</em></span> <span class='ocrx_word' id='word_1_341' title='bbox 2375 3728 2478 3782; x_wconf 83' lang='lat' dir='ltr'><em>Va·</em></span> 
     </span>
     <span class='ocr_line' id='line_1_40' title="bbox 230 3800 2478 3871; baseline 0 -18"><span class='ocrx_word' id='word_1_342' title='bbox 230 3800 746 3855; x_wconf 61' lang='lat' dir='ltr'><em>&amp;cano-Palatinum</em></span> <span class='ocrx_word' id='word_1_343' title='bbox 772 3802 874 3855; x_wconf 88' lang='lat' dir='ltr'><em>Nr.</em></span> <span class='ocrx_word' id='word_1_344' title='bbox 916 3804 1077 3869; x_wconf 80' lang='lat'><em>1746,</em></span> <span class='ocrx_word' id='word_1_345' title='bbox 1116 3803 1208 3855; x_wconf 84' lang='lat' dir='ltr'><em>ubi</em></span> <span class='ocrx_word' id='word_1_346' title='bbox 1229 3804 1286 3871; x_wconf 83' lang='lat' dir='ltr'><em>f.</em></span> <span class='ocrx_word' id='word_1_347' title='bbox 1328 3803 1434 3855; x_wconf 76' lang='lat'><em>27‘.</em></span> <span class='ocrx_word' id='word_1_348' title='bbox 1462 3800 1686 3871; x_wconf 72' lang='lat' dir='ltr'><em>leyiturz</em></span> <span class='ocrx_word' id='word_1_349' title='bbox 1726 3803 1929 3870; x_wconf 84' lang='lat' dir='ltr'><em>Incipit</em></span> <span class='ocrx_word' id='word_1_350' title='bbox 1966 3818 2051 3855; x_wconf 75' lang='lat' dir='ltr'><em>ars</em></span> <span class='ocrx_word' id='word_1_351' title='bbox 2078 3804 2280 3855; x_wconf 80' lang='lat' dir='ltr'><em>Donati</em></span> <span class='ocrx_word' id='word_1_352' title='bbox 2319 3819 2478 3871; x_wconf 78' lang='lat' dir='ltr'><em>quam</em></span> 
     </span>
     <span class='ocr_line' id='line_1_41' title="bbox 228 3872 2485 3943; baseline 0.001 -17"><span class='ocrx_word' id='word_1_353' title='bbox 228 3875 432 3929; x_wconf 78' lang='lat' dir='ltr'><em>Paulus</em></span> <span class='ocrx_word' id='word_1_354' title='bbox 471 3876 734 3928; x_wconf 78' lang='lat' dir='ltr'><em>diaconus</em></span> <span class='ocrx_word' id='word_1_355' title='bbox 772 3877 1045 3943; x_wconf 82' lang='lat' dir='ltr'><em>exposuit3</em></span> <span class='ocrx_word' id='word_1_356' title='bbox 1088 3892 1191 3943; x_wconf 78' lang='lat' dir='ltr'><em>quo</em></span> <span class='ocrx_word' id='word_1_357' title='bbox 1231 3874 1379 3929; x_wconf 82' lang='lat' dir='ltr'><em>titulo</em></span> <span class='ocrx_word' id='word_1_358' title='bbox 1417 3872 1623 3928; x_wconf 83' lang='lat' dir='ltr'><em>Donati</em></span> <span class='ocrx_word' id='word_1_359' title='bbox 1671 3883 1836 3928; x_wconf 84' lang='lat' dir='ltr'><em>artem</em></span> <span class='ocrx_word' id='word_1_360' title='bbox 1872 3892 2033 3941; x_wconf 75' lang='lat' dir='ltr'><em>quam</em></span> <span class='ocrx_word' id='word_1_361' title='bbox 2082 3876 2265 3929; x_wconf 85' lang='lat' dir='ltr'><em>dicunt</em></span> <span class='ocrx_word' id='word_1_362' title='bbox 2313 3873 2485 3929; x_wconf 89' lang='lat' dir='ltr'><em>mino·</em></span> 
     </span>
     <span class='ocr_line' id='line_1_42' title="bbox 228 3946 2479 4015; baseline 0 -16"><span class='ocrx_word' id='word_1_363' title='bbox 228 3964 341 4000; x_wconf 84' lang='lat' dir='ltr'><em>rem</em></span> <span class='ocrx_word' id='word_1_364' title='bbox 378 3946 651 4011; x_wconf 82' lang='lat' dir='ltr'><em>contineri,</em></span> <span class='ocrx_word' id='word_1_365' title='bbox 703 3949 772 4002; x_wconf 78' lang='lat' dir='ltr'><em>A.</em></span> <span class='ocrx_word' id='word_1_366' title='bbox 837 3948 1085 4002; x_wconf 87' lang='lat' dir='ltr'><em>Wilmans</em></span> <span class='ocrx_word' id='word_1_367' title='bbox 1133 3946 1335 4000; x_wconf 87' lang='lat' dir='ltr'><em>monuit</em></span> <span class='ocrx_word' id='word_1_368' title='bbox 1374 3948 1592 4014; x_wconf 73' lang='lat' dir='ltr'><em>(Rhein.</em></span> <span class='ocrx_word' id='word_1_369' title='bbox 1629 3948 1773 4001; x_wconf 83' lang='lat' dir='ltr'><em>Mus.</em></span> <span class='ocrx_word' id='word_1_370' title='bbox 1823 3947 2044 4013; x_wconf 84' lang='lat' dir='ltr'><em>XXIII,</em></span> <span class='ocrx_word' id='word_1_371' title='bbox 2075 3966 2138 4015; x_wconf 82' lang='lat' dir='ltr'><em>p.</em></span> <span class='ocrx_word' id='word_1_372' title='bbox 2178 3948 2328 4014; x_wconf 75' lang='lat'><em>397).</em></span> <span class='ocrx_word' id='word_1_373' title='bbox 2419 3948 2479 4000; x_wconf 80' lang='lat' dir='ltr'><em>V.</em></span> 
     </span>
     <span class='ocr_line' id='line_1_43' title="bbox 233 4018 2480 4088; baseline 0 -14"><span class='ocrx_word' id='word_1_374' title='bbox 233 4018 310 4074; x_wconf 70' lang='lat' dir='ltr'><em>Cl-</em></span> <span class='ocrx_word' id='word_1_375' title='bbox 349 4020 490 4084; x_wconf 77' lang='lat' dir='ltr'><em>Keil,</em></span> <span class='ocrx_word' id='word_1_376' title='bbox 532 4020 1010 4074; x_wconf 77' lang='lat' dir='ltr'><em>Grammaticorum</em></span> <span class='ocrx_word' id='word_1_377' title='bbox 1047 4021 1363 4073; x_wconf 85' lang='lat' dir='ltr'><em>Latinorum</em></span> <span class='ocrx_word' id='word_1_378' title='bbox 1400 4020 1570 4074; x_wconf 82' lang='lat' dir='ltr'><em>editor</em></span> <span class='ocrx_word' id='word_1_379' title='bbox 1618 4020 1964 4085; x_wconf 78' lang='lat' dir='ltr'><em>doctissimus,</em></span> <span class='ocrx_word' id='word_1_380' title='bbox 2005 4023 2109 4075; x_wconf 87' lang='lat' dir='ltr'><em>tale</em></span> <span class='ocrx_word' id='word_1_381' title='bbox 2144 4021 2309 4074; x_wconf 86' lang='lat' dir='ltr'><em>Pauli</em></span> <span class='ocrx_word' id='word_1_382' title='bbox 2346 4037 2480 4088; x_wconf 79' lang='lat' dir='ltr'><em>opus</em></span> 
     </span>
     <span class='ocr_line' id='line_1_44' title="bbox 232 4092 2481 4161; baseline 0.001 -16"><span class='ocrx_word' id='word_1_383' title='bbox 232 4092 447 4146; x_wconf 86' lang='lat' dir='ltr'><em>minime</em></span> <span class='ocrx_word' id='word_1_384' title='bbox 485 4111 539 4147; x_wconf 88' lang='lat' dir='ltr'><em>se</em></span> <span class='ocrx_word' id='word_1_385' title='bbox 575 4092 855 4156; x_wconf 79' lang='lat' dir='ltr'><em>invenisse,</em></span> <span class='ocrx_word' id='word_1_386' title='bbox 895 4092 1027 4146; x_wconf 64' lang='lat' dir='ltr'><em>milti</em></span> <span class='ocrx_word' id='word_1_387' title='bbox 1061 4092 1289 4160; x_wconf 81' lang='lat' dir='ltr'><em>scripsit.</em></span> <span class='ocrx_word' id='word_1_388' title='bbox 1439 4092 1498 4160; x_wconf 85' lang='lat'><em>3)</em></span> <span class='ocrx_word' id='word_1_389' title='bbox 1537 4094 1727 4147; x_wconf 81' lang='lat' dir='ltr'><em>Etiam</em></span> <span class='ocrx_word' id='word_1_390' title='bbox 1761 4092 2104 4147; x_wconf 72' lang='lat' dir='ltr'><em>Einhardum</em></span> <span class='ocrx_word' id='word_1_391' title='bbox 2152 4094 2211 4145; x_wconf 88' lang='lat' dir='ltr'><em>in</em></span> <span class='ocrx_word' id='word_1_392' title='bbox 2248 4093 2481 4161; x_wconf 78' lang='lat' dir='ltr'><em>epistolis</em></span> 
     </span>
     <span class='ocr_line' id='line_1_45' title="bbox 235 4164 2481 4236; baseline 0 -19"><span class='ocrx_word' id='word_1_393' title='bbox 235 4174 283 4218; x_wconf 84' lang='lat' dir='ltr'><em>et</em></span> <span class='ocrx_word' id='word_1_394' title='bbox 321 4166 671 4220; x_wconf 86' lang='lat' dir='ltr'><em>translatione</em></span> <span class='ocrx_word' id='word_1_395' title='bbox 708 4165 768 4219; x_wconf 76' lang='lat' dir='ltr'><em>S.</em></span> <span class='ocrx_word' id='word_1_396' title='bbox 805 4165 953 4220; x_wconf 85' lang='lat' dir='ltr'><em>Petri</em></span> <span class='ocrx_word' id='word_1_397' title='bbox 989 4175 1037 4220; x_wconf 88' lang='lat' dir='ltr'><em>et</em></span> <span class='ocrx_word' id='word_1_398' title='bbox 1093 4164 1398 4219; x_wconf 78' lang='lat' dir='ltr'><em>Marcellini</em></span> <span class='ocrx_word' id='word_1_399' title='bbox 1439 4166 1786 4236; x_wconf 64' lang='lat' dir='ltr'><em>negligentius</em></span> <span class='ocrx_word' id='word_1_400' title='bbox 1837 4166 2043 4219; x_wconf 84' lang='lat' dir='ltr'><em>Latina</em></span> <span class='ocrx_word' id='word_1_401' title='bbox 2090 4164 2278 4236; x_wconf 71' lang='lat' dir='ltr'><em>linqua</em></span> <span class='ocrx_word' id='word_1_402' title='bbox 2323 4183 2481 4218; x_wconf 87' lang='lat' dir='ltr'><em>usum</em></span> 
     </span>
     <span class='ocr_line' id='line_1_46' title="bbox 235 4237 2480 4308; baseline 0 -17"><span class='ocrx_word' id='word_1_403' title='bbox 235 4253 344 4293; x_wconf 80' lang='lat' dir='ltr'><em>esse</em></span> <span class='ocrx_word' id='word_1_404' title='bbox 382 4255 546 4308; x_wconf 77' lang='lat' dir='ltr'><em>quam</em></span> <span class='ocrx_word' id='word_1_405' title='bbox 580 4238 642 4292; x_wconf 88' lang='lat' dir='ltr'><em>in</em></span> <span class='ocrx_word' id='word_1_406' title='bbox 690 4238 812 4292; x_wconf 83' lang='lat' dir='ltr'><em>Vita</em></span> <span class='ocrx_word' id='word_1_407' title='bbox 849 4237 1059 4302; x_wconf 85' lang='lat' dir='ltr'><em>Karoli,</em></span> <span class='ocrx_word' id='word_1_408' title='bbox 1110 4256 1284 4306; x_wconf 73' lang='lat' dir='ltr'><em>nuper</em></span> <span class='ocrx_word' id='word_1_409' title='bbox 1321 4239 1695 4292; x_wconf 65' lang='lat' dir='ltr'><em>Dunzelmann</em></span> <span class='ocrx_word' id='word_1_410' title='bbox 1739 4240 1959 4294; x_wconf 83' lang='lat' dir='ltr'><em>monuit.</em></span> <span class='ocrx_word' id='word_1_411' title='bbox 2109 4238 2169 4307; x_wconf 81' lang='lat'><em>4)</em></span> <span class='ocrx_word' id='word_1_412' title='bbox 2211 4237 2480 4292; x_wconf 81' lang='lat' dir='ltr'><em>Similibus</em></span> 
     </span>
     <span class='ocr_line' id='line_1_47' title="bbox 236 4310 2481 4382; baseline 0.001 -19"><span class='ocrx_word' id='word_1_413' title='bbox 236 4313 552 4367; x_wconf 86' lang='lat' dir='ltr'><em>soloecismis</em></span> <span class='ocrx_word' id='word_1_414' title='bbox 593 4313 707 4365; x_wconf 86' lang='lat' dir='ltr'><em>alia</em></span> <span class='ocrx_word' id='word_1_415' title='bbox 742 4313 899 4381; x_wconf 74' lang='lat' dir='ltr'><em>hujus</em></span> <span class='ocrx_word' id='word_1_416' title='bbox 954 4311 1200 4379; x_wconf 80' lang='lat' dir='ltr'><em>temporis</em></span> <span class='ocrx_word' id='word_1_417' title='bbox 1252 4310 1493 4364; x_wconf 84' lang='lat' dir='ltr'><em>carmina</em></span> <span class='ocrx_word' id='word_1_418' title='bbox 1543 4314 1806 4376; x_wconf 84' lang='lat' dir='ltr'><em>laborare,</em></span> <span class='ocrx_word' id='word_1_419' title='bbox 1842 4314 1963 4382; x_wconf 78' lang='lat' dir='ltr'><em>jam</em></span> <span class='ocrx_word' id='word_1_420' title='bbox 2013 4311 2360 4375; x_wconf 74' lang='lat' dir='ltr'><em>Giesebrecht‚</em></span> <span class='ocrx_word' id='word_1_421' title='bbox 2396 4311 2481 4366; x_wconf 81' lang='lat' dir='ltr'><em>De</em></span> 
     </span>
     <span class='ocr_line' id='line_1_48' title="bbox 240 4383 2480 4454; baseline -0.001 -17"><span class='ocrx_word' id='word_1_422' title='bbox 240 4383 338 4440; x_wconf 82' lang='lat' dir='ltr'><em>litt.</em></span> <span class='ocrx_word' id='word_1_423' title='bbox 388 4387 530 4440; x_wconf 82' lang='lat' dir='ltr'><em>stud.</em></span> <span class='ocrx_word' id='word_1_424' title='bbox 576 4404 643 4454; x_wconf 75' lang='lat' dir='ltr'><em>p.</em></span> <span class='ocrx_word' id='word_1_425' title='bbox 682 4386 752 4437; x_wconf 79' lang='lat'><em>36</em></span> <span class='ocrx_word' id='word_1_426' title='bbox 804 4386 877 4451; x_wconf 69' lang='lat' dir='ltr'><em>h„</em></span> <span class='ocrx_word' id='word_1_427' title='bbox 924 4383 1124 4438; x_wconf 83' lang='lat' dir='ltr'><em>invitus</em></span> <span class='ocrx_word' id='word_1_428' title='bbox 1155 4385 1283 4454; x_wconf 79' lang='lat' dir='ltr'><em>fere</em></span> <span class='ocrx_word' id='word_1_429' title='bbox 1331 4384 1601 4440; x_wconf 87' lang='lat' dir='ltr'><em>concessit.</em></span> <span class='ocrx_word' id='word_1_430' title='bbox 1786 4388 1839 4451; x_wconf 79' lang='lat'><em>5)</em></span> <span class='ocrx_word' id='word_1_431' title='bbox 1877 4385 1997 4438; x_wconf 85' lang='lat' dir='ltr'><em>Hoc</em></span> <span class='ocrx_word' id='word_1_432' title='bbox 2045 4400 2213 4437; x_wconf 84' lang='lat' dir='ltr'><em>unum</em></span> <span class='ocrx_word' id='word_1_433' title='bbox 2250 4384 2480 4437; x_wconf 70' lang='lat' dir='ltr'><em>addamz</em></span> 
     </span>
    </p>
   </div>
  </div>
 </body>
</html>
