<?xml version="1.0" encoding="UTF-8"?>
<!DOCTYPE html PUBLIC "-//W3C//DTD XHTML 1.0 Transitional//EN"
    "http://www.w3.org/TR/xhtml1/DTD/xhtml1-transitional.dtd">
<html xmlns="http://www.w3.org/1999/xhtml" xml:lang="en" lang="en">
 <head>
  <title>
</title>
<meta http-equiv="Content-Type" content="text/html;charset=utf-8" />
  <meta name='ocr-system' content='tesseract 3.04.00' />
  <meta name='ocr-capabilities' content='ocr_page ocr_carea ocr_par ocr_line ocrx_word'/>
</head>
<body>
  <div class='ocr_page' id='page_1' title='image "./paulihistoriala01waitgoog_0246.png"; bbox 0 0 3042 4909; ppageno 0'>
   <div class='ocr_carea' id='block_1_1' title="bbox 449 1927 550 1968">
    <p class='ocr_par' dir='ltr' id='par_1_1' title="bbox 449 1927 550 1968">
     <span class='ocr_line' id='line_1_1' title="bbox 449 1927 550 1968; baseline 0 0"><span class='ocrx_word' id='word_1_1' title='bbox 449 1927 550 1968; x_wconf 79' lang='lat'><strong>⁷06.</strong></span> 
     </span>
    </p>
   </div>
   <div class='ocr_carea' id='block_1_2' title="bbox 345 3193 553 3245">
    <p class='ocr_par' dir='ltr' id='par_1_2' title="bbox 345 3193 553 3245">
     <span class='ocr_line' id='line_1_2' title="bbox 345 3193 553 3245; baseline -0.01 -10"><span class='ocrx_word' id='word_1_2' title='bbox 345 3193 418 3245; x_wconf 66' lang='grc' dir='ltr'><strong>Ἰ).</strong></span> <span class='ocrx_word' id='word_1_3' title='bbox 454 3195 553 3235; x_wconf 82' lang='grc'><strong>179.</strong></span> 
     </span>
    </p>
   </div>
   <div class='ocr_carea' id='block_1_3' title="bbox 568 413 2540 469">
    <p class='ocr_par' dir='ltr' id='par_1_3' title="bbox 568 413 2540 469">
     <span class='ocr_line' id='line_1_3' title="bbox 568 413 2540 469; baseline -0.002 0"><span class='ocrx_word' id='word_1_4' title='bbox 568 418 676 469; x_wconf 83' lang='grc'><strong>230</strong></span> <span class='ocrx_word' id='word_1_5' title='bbox 867 414 1088 467; x_wconf 83' lang='lat' dir='ltr'>PAULI</span> <span class='ocrx_word' id='word_1_6' title='bbox 1126 413 1474 465; x_wconf 81' lang='lat' dir='ltr'>HISTORIA</span> <span class='ocrx_word' id='word_1_7' title='bbox 1510 413 2180 466; x_wconf 74' lang='lat' dir='ltr'><strong>LANGOBARDORUM.</strong></span> <span class='ocrx_word' id='word_1_8' title='bbox 2254 415 2398 464; x_wconf 89' lang='lat' dir='ltr'><strong>LIB.</strong></span> <span class='ocrx_word' id='word_1_9' title='bbox 2438 414 2540 465; x_wconf 82' lang='lat' dir='ltr'><strong>VI.</strong></span> 
     </span>
    </p>
   </div>
   <div class='ocr_carea' id='block_1_4' title="bbox 565 579 2822 3345">
    <p class='ocr_par' dir='ltr' id='par_1_4' title="bbox 565 579 2822 1926">
     <span class='ocr_line' id='line_1_4' title="bbox 569 579 2817 668; baseline -0.002 -18"><span class='ocrx_word' id='word_1_10' title='bbox 569 584 833 650; x_wconf 89' lang='lat' dir='ltr'><strong>Rothari</strong></span> <span class='ocrx_word' id='word_1_11' title='bbox 876 603 1025 645; x_wconf 92' lang='lat' dir='ltr'><strong>cum</strong></span> <span class='ocrx_word' id='word_1_12' title='bbox 1056 602 1124 646; x_wconf 90' lang='lat' dir='ltr'><strong>se</strong></span> <span class='ocrx_word' id='word_1_13' title='bbox 1168 579 1495 646; x_wconf 88' lang='lat' dir='ltr'><strong>detectum</strong></span> <span class='ocrx_word' id='word_1_14' title='bbox 1539 581 1962 666; x_wconf 79' lang='lat' dir='ltr'><strong>cognovisset,</strong></span> <span class='ocrx_word' id='word_1_15' title='bbox 2006 581 2222 646; x_wconf 86' lang='lat' dir='ltr'><strong>statim</strong></span> <span class='ocrx_word' id='word_1_16' title='bbox 2250 590 2401 668; x_wconf 89' lang='lat' dir='ltr'><strong>post</strong></span> <span class='ocrx_word' id='word_1_17' title='bbox 2427 605 2498 646; x_wconf 91' lang='lat' dir='ltr'><strong>se</strong></span> <span class='ocrx_word' id='word_1_18' title='bbox 2541 580 2817 647; x_wconf 81' lang='lat' dir='ltr'><strong>exiliens</strong></span> 
     </span>
     <span class='ocr_line' id='line_1_5' title="bbox 569 665 2820 763; baseline -0.003 -29"><span class='ocrx_word' id='word_1_19' title='bbox 569 668 863 755; x_wconf 80' lang='lat' dir='ltr'><strong>spatham</strong></span> <span class='ocrx_word' id='word_1_20' title='bbox 933 665 1317 752; x_wconf 81' lang='lat' dir='ltr'><strong>evaginavit,</strong></span> <span class='ocrx_word' id='word_1_21' title='bbox 1388 674 1462 730; x_wconf 89' lang='lat' dir='ltr'><strong>ut</strong></span> <span class='ocrx_word' id='word_1_22' title='bbox 1477 673 1503 705; x_wconf 80' lang='lat'><strong>⁸¹</strong></span> <span class='ocrx_word' id='word_1_23' title='bbox 1576 687 1794 763; x_wconf 84' lang='lat' dir='ltr'><strong>regem</strong></span> <span class='ocrx_word' id='word_1_24' title='bbox 1858 674 2241 750; x_wconf 83' lang='lat' dir='ltr'><strong>percuteret.</strong></span> <span class='ocrx_word' id='word_1_25' title='bbox 2346 666 2634 730; x_wconf 87' lang='lat' dir='ltr'><strong>Econtra</strong></span> <span class='ocrx_word' id='word_1_26' title='bbox 2692 688 2820 731; x_wconf 83' lang='lat' dir='ltr'><strong>rex</strong></span> 
     </span>
     <span class='ocr_line' id='line_1_6' title="bbox 568 748 2818 834; baseline -0.002 -17"><span class='ocrx_word' id='word_1_27' title='bbox 568 753 799 817; x_wconf 69' lang='lat' dir='ltr'><strong>suumb</strong></span> <span class='ocrx_word' id='word_1_28' title='bbox 842 772 1061 816; x_wconf 85' lang='lat' dir='ltr'><strong>ensem</strong></span> <span class='ocrx_word' id='word_1_29' title='bbox 1112 751 1385 834; x_wconf 82' lang='lat' dir='ltr'><strong>vaginac</strong></span> <span class='ocrx_word' id='word_1_30' title='bbox 1454 759 1712 813; x_wconf 79' lang='lat' dir='ltr'><strong>exemit.</strong></span> <span class='ocrx_word' id='word_1_31' title='bbox 1798 749 1984 813; x_wconf 88' lang='lat' dir='ltr'><strong>Tunc</strong></span> <span class='ocrx_word' id='word_1_32' title='bbox 2036 771 2204 813; x_wconf 90' lang='lat' dir='ltr'><strong>unus</strong></span> <span class='ocrx_word' id='word_1_33' title='bbox 2247 773 2283 815; x_wconf 91' lang='lat' dir='ltr'><strong>e</strong></span> <span class='ocrx_word' id='word_1_34' title='bbox 2335 772 2406 814; x_wconf 88' lang='lat' dir='ltr'><strong>re</strong></span> <span class='ocrx_word' id='word_1_35' title='bbox 2454 750 2492 765; x_wconf 74' lang='lat'>⁰</span> <span class='ocrx_word' id='word_1_36' title='bbox 2542 751 2570 791; x_wconf 76' lang='lat'><strong>‘¹</strong></span> <span class='ocrx_word' id='word_1_37' title='bbox 2628 748 2818 814; x_wconf 88' lang='lat' dir='ltr'><strong>satel-</strong></span> 
     </span>
     <span class='ocr_line' id='line_1_7' title="bbox 567 831 2815 919; baseline -0.001 -19"><span class='ocrx_word' id='word_1_38' title='bbox 567 836 786 902; x_wconf 90' lang='lat' dir='ltr'><strong>litibus</strong></span> <span class='ocrx_word' id='word_1_39' title='bbox 830 835 1087 898; x_wconf 91' lang='lat' dir='ltr'><strong>nomine</strong></span> <span class='ocrx_word' id='word_1_40' title='bbox 1131 832 1309 897; x_wconf 89' lang='lat' dir='ltr'><strong>Subo</strong></span> <span class='ocrx_word' id='word_1_41' title='bbox 1327 843 1352 874; x_wconf 72' lang='lat'><em>⁶</em></span> <span class='ocrx_word' id='word_1_42' title='bbox 1396 831 1667 897; x_wconf 86' lang='lat' dir='ltr'><strong>Rothari</strong></span> <span class='ocrx_word' id='word_1_43' title='bbox 1709 854 1749 895; x_wconf 88' lang='lat' dir='ltr'><strong>a</strong></span> <span class='ocrx_word' id='word_1_44' title='bbox 1789 843 1972 918; x_wconf 87' lang='lat' dir='ltr'><strong>tergo</strong></span> <span class='ocrx_word' id='word_1_45' title='bbox 2017 833 2385 919; x_wconf 88' lang='lat' dir='ltr'><strong>conprehen</strong></span> <span class='ocrx_word' id='word_1_46' title='bbox 2429 855 2564 914; x_wconf 77' lang='lat' dir='ltr'><strong>enS,</strong></span> <span class='ocrx_word' id='word_1_47' title='bbox 2606 832 2690 897; x_wconf 91' lang='lat' dir='ltr'><strong>ab</strong></span> <span class='ocrx_word' id='word_1_48' title='bbox 2737 853 2815 898; x_wconf 90' lang='lat' dir='ltr'><strong>eo</strong></span> 
     </span>
     <span class='ocr_line' id='line_1_8' title="bbox 565 915 2817 1001; baseline -0.002 -17"><span class='ocrx_word' id='word_1_49' title='bbox 565 922 636 984; x_wconf 92' lang='lat' dir='ltr'><strong>in</strong></span> <span class='ocrx_word' id='word_1_50' title='bbox 675 920 882 984; x_wconf 90' lang='lat' dir='ltr'><strong>fronte</strong></span> <span class='ocrx_word' id='word_1_51' title='bbox 926 916 1295 981; x_wconf 86' lang='lat' dir='ltr'><strong>vulneratus</strong></span> <span class='ocrx_word' id='word_1_52' title='bbox 1339 926 1454 980; x_wconf 88' lang='lat' dir='ltr'><strong>est.</strong></span> <span class='ocrx_word' id='word_1_53' title='bbox 1555 915 1764 1001; x_wconf 85' lang='lat' dir='ltr'><strong>Super</strong></span> <span class='ocrx_word' id='word_1_54' title='bbox 1863 938 2012 981; x_wconf 89' lang='lat' dir='ltr'><strong>uem</strong></span> <span class='ocrx_word' id='word_1_55' title='bbox 2057 916 2323 982; x_wconf 85' lang='lat' dir='ltr'><strong>Rothari</strong></span> <span class='ocrx_word' id='word_1_56' title='bbox 2365 926 2428 982; x_wconf 89' lang='lat' dir='ltr'><strong>et</strong></span> <span class='ocrx_word' id='word_1_57' title='bbox 2469 915 2580 979; x_wconf 88' lang='lat' dir='ltr'><strong>alii</strong></span> <span class='ocrx_word' id='word_1_58' title='bbox 2620 915 2817 980; x_wconf 90' lang='lat' dir='ltr'><strong>insili·</strong></span> 
     </span>
     <span class='ocr_line' id='line_1_9' title="bbox 569 939 2818 1085; baseline -0.002 -17"><span class='ocrx_word' id='word_1_59' title='bbox 569 1013 765 1085; x_wconf 76' lang='lat' dir='ltr'><strong>enteS,</strong></span> <span class='ocrx_word' id='word_1_60' title='bbox 810 1023 959 1066; x_wconf 90' lang='lat' dir='ltr'><strong>eum</strong></span> <span class='ocrx_word' id='word_1_61' title='bbox 1002 1001 1243 1066; x_wconf 88' lang='lat' dir='ltr'><strong>ibidem</strong></span> <span class='ocrx_word' id='word_1_62' title='bbox 1288 1001 1662 1064; x_wconf 89' lang='lat' dir='ltr'><strong>occiderunt</strong></span> <span class='ocrx_word' id='word_1_63' title='bbox 1678 1001 1718 1063; x_wconf 76' lang='lat' dir='ltr'><strong>f.</strong></span> <span class='ocrx_word' id='word_1_64' title='bbox 1805 939 2124 1081; x_wconf 53' lang='lat' dir='ltr'><strong>{nattum</strong></span> <span class='ocrx_word' id='word_1_65' title='bbox 2152 1023 2307 1066; x_wconf 91' lang='lat' dir='ltr'><strong>vero</strong></span> <span class='ocrx_word' id='word_1_66' title='bbox 2338 1004 2476 1066; x_wconf 88' lang='lat' dir='ltr'><strong>eius</strong></span> <span class='ocrx_word' id='word_1_67' title='bbox 2517 1000 2655 1082; x_wconf 81' lang='lat' dir='ltr'><strong>filii,</strong></span> <span class='ocrx_word' id='word_1_68' title='bbox 2700 1000 2818 1085; x_wconf 89' lang='lat' dir='ltr'><strong>qui</strong></span> 
     </span>
     <span class='ocr_line' id='line_1_10' title="bbox 566 1083 2814 1184; baseline -0.002 -33"><span class='ocrx_word' id='word_1_69' title='bbox 566 1108 696 1151; x_wconf 92' lang='lat' dir='ltr'><strong>non</strong></span> <span class='ocrx_word' id='word_1_70' title='bbox 723 1086 1005 1167; x_wconf 87' lang='lat' dir='ltr'><strong>aderant,</strong></span> <span class='ocrx_word' id='word_1_71' title='bbox 1050 1083 1165 1148; x_wconf 90' lang='lat' dir='ltr'><strong>ubi</strong></span> <span class='ocrx_word' id='word_1_72' title='bbox 1206 1085 1466 1165; x_wconf 88' lang='lat' dir='ltr'><strong>inventi,</strong></span> <span class='ocrx_word' id='word_1_73' title='bbox 1509 1084 1602 1147; x_wconf 92' lang='lat' dir='ltr'><strong>ibi</strong></span> <span class='ocrx_word' id='word_1_74' title='bbox 1646 1095 1754 1150; x_wconf 69' lang='lat' dir='ltr'><strong>etg</strong></span> <span class='ocrx_word' id='word_1_75' title='bbox 1794 1087 2113 1184; x_wconf 86' lang='lat' dir='ltr'><strong>perempti</strong></span> <span class='ocrx_word' id='word_1_76' title='bbox 2155 1096 2321 1149; x_wconf 88' lang='lat' dir='ltr'><strong>sunt.</strong></span> <span class='ocrx_word' id='word_1_77' title='bbox 2406 1085 2560 1149; x_wconf 83' lang='lat' dir='ltr'><strong>Fuit</strong></span> <span class='ocrx_word' id='word_1_78' title='bbox 2596 1094 2814 1148; x_wconf 88' lang='lat' dir='ltr'><strong>autem</strong></span> 
     </span>
     <span class='ocr_line' id='line_1_11' title="bbox 566 1167 2815 1268; baseline -0.002 -32"><span class='ocrx_word' id='word_1_79' title='bbox 566 1194 686 1236; x_wconf 85' lang='lat' dir='ltr'><strong>rex</strong></span> <span class='ocrx_word' id='word_1_80' title='bbox 701 1173 729 1213; x_wconf 85' lang='lat'><strong>¹¹</strong></span> <span class='ocrx_word' id='word_1_81' title='bbox 772 1168 1133 1268; x_wconf 85' lang='lat' dir='ltr'><strong>Liutprand</strong></span> <span class='ocrx_word' id='word_1_82' title='bbox 1175 1168 1278 1232; x_wconf 91' lang='lat' dir='ltr'><strong>vir</strong></span> <span class='ocrx_word' id='word_1_83' title='bbox 1318 1167 1558 1232; x_wconf 86' lang='lat' dir='ltr'><strong>multae</strong></span> <span class='ocrx_word' id='word_1_84' title='bbox 1599 1169 1932 1249; x_wconf 80' lang='lat' dir='ltr'><strong>audamae,</strong></span> <span class='ocrx_word' id='word_1_85' title='bbox 1975 1170 2067 1233; x_wconf 90' lang='lat' dir='ltr'><strong>ita</strong></span> <span class='ocrx_word' id='word_1_86' title='bbox 2108 1178 2198 1251; x_wconf 90' lang='lat' dir='ltr'><strong>ut,</strong></span> <span class='ocrx_word' id='word_1_87' title='bbox 2255 1191 2405 1232; x_wconf 91' lang='lat' dir='ltr'><strong>cum</strong></span> <span class='ocrx_word' id='word_1_88' title='bbox 2447 1168 2625 1232; x_wconf 91' lang='lat' dir='ltr'><strong>eumi</strong></span> <span class='ocrx_word' id='word_1_89' title='bbox 2685 1168 2815 1232; x_wconf 89' lang='lat' dir='ltr'><strong>duo</strong></span> 
     </span>
     <span class='ocr_line' id='line_1_12' title="bbox 566 1251 2814 1339; baseline -0.001 -20"><span class='ocrx_word' id='word_1_90' title='bbox 566 1255 868 1339; x_wconf 88' lang='lat' dir='ltr'><strong>armigeri</strong></span> <span class='ocrx_word' id='word_1_91' title='bbox 898 1275 1035 1318; x_wconf 78' lang='lat' dir='ltr'><strong>elus</strong></span> <span class='ocrx_word' id='word_1_92' title='bbox 1064 1251 1358 1317; x_wconf 88' lang='lat' dir='ltr'><strong>occidere</strong></span> <span class='ocrx_word' id='word_1_93' title='bbox 1388 1252 1763 1337; x_wconf 81' lang='lat' dir='ltr'><strong>cogitarent,</strong></span> <span class='ocrx_word' id='word_1_94' title='bbox 1802 1261 1866 1317; x_wconf 87' lang='lat' dir='ltr'><strong>et</strong></span> <span class='ocrx_word' id='word_1_95' title='bbox 1906 1251 2030 1317; x_wconf 92' lang='lat' dir='ltr'><strong>hoc</strong></span> <span class='ocrx_word' id='word_1_96' title='bbox 2073 1254 2134 1317; x_wconf 91' lang='lat' dir='ltr'><strong>ei</strong></span> <span class='ocrx_word' id='word_1_97' title='bbox 2150 1254 2181 1295; x_wconf 74' lang='lat'><strong>¹¹</strong></span> <span class='ocrx_word' id='word_1_98' title='bbox 2225 1251 2540 1339; x_wconf 86' lang='lat' dir='ltr'><strong>perlatum</strong></span> <span class='ocrx_word' id='word_1_99' title='bbox 2569 1251 2814 1332; x_wconf 82' lang='lat' dir='ltr'><strong>fuisset,</strong></span> 
     </span>
     <span class='ocr_line' id='line_1_13' title="bbox 566 1334 2818 1424; baseline -0.001 -23"><span class='ocrx_word' id='word_1_100' title='bbox 566 1340 635 1401; x_wconf 91' lang='lat' dir='ltr'><strong>in</strong></span> <span class='ocrx_word' id='word_1_101' title='bbox 694 1337 1260 1424; x_wconf 84' lang='lat' dir='ltr'><strong>profundissimam</strong></span> <span class='ocrx_word' id='word_1_102' title='bbox 1324 1334 1554 1401; x_wconf 90' lang='lat' dir='ltr'><strong>silvam</strong></span> <span class='ocrx_word' id='word_1_103' title='bbox 1619 1357 1767 1400; x_wconf 91' lang='lat' dir='ltr'><strong>cum</strong></span> <span class='ocrx_word' id='word_1_104' title='bbox 1821 1338 1912 1402; x_wconf 90' lang='lat' dir='ltr'><strong>eis</strong></span> <span class='ocrx_word' id='word_1_105' title='bbox 1977 1336 2150 1401; x_wconf 88' lang='lat' dir='ltr'><strong>solus</strong></span> <span class='ocrx_word' id='word_1_106' title='bbox 2207 1338 2534 1420; x_wconf 88' lang='lat' dir='ltr'><strong>ingressus</strong></span> <span class='ocrx_word' id='word_1_107' title='bbox 2549 1337 2587 1417; x_wconf 86' lang='lat'><strong>¹,</strong></span> <span class='ocrx_word' id='word_1_108' title='bbox 2659 1356 2818 1398; x_wconf 85' lang='lat' dir='ltr'><strong>mox</strong></span> 
     </span>
     <span class='ocr_line' id='line_1_14' title="bbox 566 1418 2818 1519; baseline -0.001 -33"><span class='ocrx_word' id='word_1_109' title='bbox 566 1423 976 1519; x_wconf 84' lang='lat' dir='ltr'><strong>evaginatum</strong></span> <span class='ocrx_word' id='word_1_110' title='bbox 1038 1419 1324 1505; x_wconf 84' lang='lat' dir='ltr'><strong>gladium</strong></span> <span class='ocrx_word' id='word_1_111' title='bbox 1388 1429 1612 1484; x_wconf 89' lang='lat' dir='ltr'><strong>contra</strong></span> <span class='ocrx_word' id='word_1_112' title='bbox 1654 1443 1761 1484; x_wconf 88' lang='lat' dir='ltr'><strong>eos</strong></span> <span class='ocrx_word' id='word_1_113' title='bbox 1815 1429 2057 1501; x_wconf 91' lang='lat' dir='ltr'><strong>tenens,</strong></span> <span class='ocrx_word' id='word_1_114' title='bbox 2123 1418 2396 1499; x_wconf 88' lang='lat' dir='ltr'><strong>eisdem,</strong></span> <span class='ocrx_word' id='word_1_115' title='bbox 2463 1421 2615 1505; x_wconf 89' lang='lat' dir='ltr'><strong>quia</strong></span> <span class='ocrx_word' id='word_1_116' title='bbox 2666 1441 2818 1483; x_wconf 91' lang='lat' dir='ltr'><strong>eum</strong></span> 
     </span>
     <span class='ocr_line' id='line_1_15' title="bbox 571 1502 2817 1603; baseline -0.001 -33"><span class='ocrx_word' id='word_1_117' title='bbox 571 1506 909 1570; x_wconf 80' lang='lat' dir='ltr'><strong>occlderem</strong></span> <span class='ocrx_word' id='word_1_118' title='bbox 954 1505 1396 1589; x_wconf 88' lang='lat' dir='ltr'><strong>cogitaverunt</strong></span> <span class='ocrx_word' id='word_1_119' title='bbox 1410 1516 1460 1585; x_wconf 77' lang='lat'><strong>¹²,</strong></span> <span class='ocrx_word' id='word_1_120' title='bbox 1504 1506 1945 1603; x_wconf 85' lang='lat' dir='ltr'><strong>inproperavit</strong></span> <span class='ocrx_word' id='word_1_121' title='bbox 1960 1530 1974 1544; x_wconf 92' lang='lat'><strong>·</strong></span> <span class='ocrx_word' id='word_1_122' title='bbox 2022 1505 2196 1591; x_wconf 89' lang='lat' dir='ltr'><strong>quod</strong></span> <span class='ocrx_word' id='word_1_123' title='bbox 2227 1516 2299 1569; x_wconf 92' lang='lat' dir='ltr'><strong>ut</strong></span> <span class='ocrx_word' id='word_1_124' title='bbox 2338 1504 2588 1569; x_wconf 89' lang='lat' dir='ltr'><strong>facere⁰</strong></span> <span class='ocrx_word' id='word_1_125' title='bbox 2620 1502 2817 1568; x_wconf 87' lang='lat' dir='ltr'><strong>debe—</strong></span> 
     </span>
     <span class='ocr_line' id='line_1_16' title="bbox 567 1586 2822 1674; baseline -0.001 -22"><span class='ocrx_word' id='word_1_126' title='bbox 567 1597 729 1670; x_wconf 87' lang='lat' dir='ltr'><strong>rent,</strong></span> <span class='ocrx_word' id='word_1_127' title='bbox 771 1586 1059 1652; x_wconf 85' lang='lat' dir='ltr'><strong>hortatus</strong></span> <span class='ocrx_word' id='word_1_128' title='bbox 1089 1596 1203 1649; x_wconf 88' lang='lat' dir='ltr'><strong>est.</strong></span> <span class='ocrx_word' id='word_1_129' title='bbox 1275 1588 1406 1668; x_wconf 79' lang='lat' dir='ltr'><strong>Qui</strong></span> <span class='ocrx_word' id='word_1_130' title='bbox 1436 1596 1652 1652; x_wconf 77' lang='lat' dir='ltr'><strong>statim</strong></span> <span class='ocrx_word' id='word_1_131' title='bbox 1682 1589 1819 1652; x_wconf 89' lang='lat' dir='ltr'><strong>eius</strong></span> <span class='ocrx_word' id='word_1_132' title='bbox 1862 1611 1945 1674; x_wconf 90' lang='lat' dir='ltr'><strong>pe</strong></span> <span class='ocrx_word' id='word_1_133' title='bbox 1995 1589 2137 1654; x_wconf 81' lang='lat' dir='ltr'><strong>’bus</strong></span> <span class='ocrx_word' id='word_1_134' title='bbox 2178 1587 2517 1674; x_wconf 84' lang='lat' dir='ltr'><strong>provoluti,</strong></span> <span class='ocrx_word' id='word_1_135' title='bbox 2562 1588 2622 1652; x_wconf 91' lang='lat' dir='ltr'><strong>ei</strong></span> <span class='ocrx_word' id='word_1_136' title='bbox 2666 1596 2822 1650; x_wconf 89' lang='lat' dir='ltr'><strong>sunt</strong></span> 
     </span>
     <span class='ocr_line' id='line_1_17' title="bbox 570 1669 2822 1769; baseline -0.001 -33"><span class='ocrx_word' id='word_1_137' title='bbox 570 1693 737 1757; x_wconf 91' lang='lat' dir='ltr'><strong>quae</strong></span> <span class='ocrx_word' id='word_1_138' title='bbox 778 1669 1298 1734; x_wconf 89' lang='lat' dir='ltr'><strong>machinaverant</strong></span> <span class='ocrx_word' id='word_1_139' title='bbox 1315 1682 1342 1723; x_wconf 75' lang='grc' dir='ltr'><strong><em>Ρ</em></strong></span> <span class='ocrx_word' id='word_1_140' title='bbox 1386 1680 1617 1735; x_wconf 90' lang='lat' dir='ltr'><strong>cuncta</strong></span> <span class='ocrx_word' id='word_1_141' title='bbox 1672 1672 1963 1756; x_wconf 85' lang='lat' dir='ltr'><strong>professi.</strong></span> <span class='ocrx_word' id='word_1_142' title='bbox 2063 1672 2151 1735; x_wconf 89' lang='lat' dir='ltr'><strong>Et</strong></span> <span class='ocrx_word' id='word_1_143' title='bbox 2167 1685 2194 1727; x_wconf 79' lang='lat'><strong>‘1</strong></span> <span class='ocrx_word' id='word_1_144' title='bbox 2254 1672 2334 1736; x_wconf 90' lang='lat' dir='ltr'><strong>de</strong></span> <span class='ocrx_word' id='word_1_145' title='bbox 2374 1670 2514 1735; x_wconf 90' lang='lat' dir='ltr'><strong>aliis</strong></span> <span class='ocrx_word' id='word_1_146' title='bbox 2559 1692 2822 1769; x_wconf 78' lang='lat' dir='ltr'><strong>quoque</strong></span> 
     </span>
     <span class='ocr_line' id='line_1_18' title="bbox 569 1753 2819 1836; baseline 0 -17"><span class='ocrx_word' id='word_1_147' title='bbox 569 1754 693 1820; x_wconf 91' lang='lat' dir='ltr'><strong>hoc</strong></span> <span class='ocrx_word' id='word_1_148' title='bbox 735 1753 1024 1819; x_wconf 90' lang='lat' dir='ltr'><strong>similiter</strong></span> <span class='ocrx_word' id='word_1_149' title='bbox 1064 1753 1285 1836; x_wconf 66' lang='lat' dir='ltr'><strong>fecit‘;</strong></span> <span class='ocrx_word' id='word_1_150' title='bbox 1330 1753 1447 1818; x_wconf 91' lang='lat' dir='ltr'><strong>sed</strong></span> <span class='ocrx_word' id='word_1_151' title='bbox 1487 1765 1704 1818; x_wconf 88' lang='lat' dir='ltr'><strong>tamen</strong></span> <span class='ocrx_word' id='word_1_152' title='bbox 1746 1756 2055 1821; x_wconf 85' lang='lat' dir='ltr'><strong>confessis</strong></span> <span class='ocrx_word' id='word_1_153' title='bbox 2081 1777 2238 1820; x_wconf 81' lang='lat' dir='ltr'><strong>mox</strong></span> <span class='ocrx_word' id='word_1_154' title='bbox 2277 1764 2493 1819; x_wconf 88' lang='lat' dir='ltr'><strong>tantae</strong></span> <span class='ocrx_word' id='word_1_155' title='bbox 2534 1753 2819 1819; x_wconf 77' lang='lat' dir='ltr'><strong>malitiae</strong></span> 
     </span>
     <span class='ocr_line' id='line_1_19' title="bbox 569 1838 1212 1926; baseline -0.003 -24"><span class='ocrx_word' id='word_1_156' title='bbox 569 1838 858 1926; x_wconf 77' lang='lat' dir='ltr'><strong>culpam⁵</strong></span> <span class='ocrx_word' id='word_1_157' title='bbox 903 1839 1212 1923; x_wconf 85' lang='lat' dir='ltr'><strong>pepercit.</strong></span> 
     </span>
    </p>

    <p class='ocr_par' dir='ltr' id='par_1_5' title="bbox 568 1920 2821 2154">
     <span class='ocr_line' id='line_1_20' title="bbox 736 1920 2821 2007; baseline -0.001 -21"><span class='ocrx_word' id='word_1_158' title='bbox 736 1921 839 1986; x_wconf 87' lang='lat'><strong>39.</strong></span> <span class='ocrx_word' id='word_1_159' title='bbox 924 1920 1250 1986; x_wconf 91' lang='lat' dir='ltr'><strong>Defuncto</strong></span> <span class='ocrx_word' id='word_1_160' title='bbox 1305 1922 1524 2007; x_wconf 88' lang='lat' dir='ltr'><strong>itaque</strong></span> <span class='ocrx_word' id='word_1_161' title='bbox 1570 1921 1820 1988; x_wconf 84' lang='lat' dir='ltr'><strong>Gisulfo</strong></span> <span class='ocrx_word' id='word_1_162' title='bbox 1863 1923 2351 1989; x_wconf 67' lang='lat' dir='ltr'><strong>Beneventanot</strong></span> <span class='ocrx_word' id='word_1_163' title='bbox 2392 1923 2557 1986; x_wconf 89' lang='lat' dir='ltr'><strong>duce</strong></span> <span class='ocrx_word' id='word_1_164' title='bbox 2574 1969 2591 2003; x_wconf 93' lang='lat'><strong>,</strong></span> <span class='ocrx_word' id='word_1_165' title='bbox 2638 1920 2821 1986; x_wconf 88' lang='lat' dir='ltr'><strong>Sam-</strong></span> 
     </span>
     <span class='ocr_line' id='line_1_21' title="bbox 568 2004 2815 2154; baseline 0 -85"><span class='ocrx_word' id='word_1_166' title='bbox 568 2007 775 2070; x_wconf 89' lang='lat' dir='ltr'><strong>nitum</strong></span> <span class='ocrx_word' id='word_1_167' title='bbox 846 2004 1159 2154; x_wconf 55' lang='lat' dir='ltr'><strong>pogulum</strong></span> <span class='ocrx_word' id='word_1_168' title='bbox 1215 2005 1557 2088; x_wconf 89' lang='lat' dir='ltr'><strong>Romuald,</strong></span> <span class='ocrx_word' id='word_1_169' title='bbox 1614 2008 1751 2071; x_wconf 89' lang='lat' dir='ltr'><strong>eius</strong></span> <span class='ocrx_word' id='word_1_170' title='bbox 1803 2007 1990 2090; x_wconf 90' lang='lat' dir='ltr'><strong>filius,</strong></span> <span class='ocrx_word' id='word_1_171' title='bbox 2045 2008 2400 2093; x_wconf 88' lang='lat' dir='ltr'><strong>regendum</strong></span> <span class='ocrx_word' id='word_1_172' title='bbox 2417 2019 2444 2048; x_wconf 84' lang='lat'><strong>¹¹</strong></span> <span class='ocrx_word' id='word_1_173' title='bbox 2511 2007 2815 2091; x_wconf 87' lang='lat' dir='ltr'><strong>suscepit.</strong></span> 
     </span>
    </p>

    <p class='ocr_par' dir='ltr' id='par_1_6' title="bbox 567 2088 2822 3345">
     <span class='ocr_line' id='line_1_22' title="bbox 735 2088 2822 2175; baseline -0.001 -21"><span class='ocrx_word' id='word_1_174' title='bbox 735 2090 840 2154; x_wconf 88' lang='lat'><strong>40.</strong></span> <span class='ocrx_word' id='word_1_175' title='bbox 985 2090 1120 2152; x_wconf 89' lang='lat' dir='ltr'><strong>irca</strong></span> <span class='ocrx_word' id='word_1_176' title='bbox 1161 2088 1321 2152; x_wconf 90' lang='lat' dir='ltr'><strong>haec</strong></span> <span class='ocrx_word' id='word_1_177' title='bbox 1364 2100 1656 2175; x_wconf 88' lang='lat' dir='ltr'><strong>tempora</strong></span> <span class='ocrx_word' id='word_1_178' title='bbox 1687 2092 2030 2174; x_wconf 86' lang='lat' dir='ltr'><strong>Petronax,</strong></span> <span class='ocrx_word' id='word_1_179' title='bbox 2074 2090 2273 2155; x_wconf 75' lang='lat' dir='ltr'><strong>civisv</strong></span> <span class='ocrx_word' id='word_1_180' title='bbox 2311 2090 2673 2154; x_wconf 83' lang='lat' dir='ltr'><strong>Brexianae</strong></span> <span class='ocrx_word' id='word_1_181' title='bbox 2715 2110 2822 2151; x_wconf 90' lang='lat' dir='ltr'><strong>ur-</strong></span> 
     </span>
     <span class='ocr_line' id='line_1_23' title="bbox 570 2172 2820 2260; baseline -0.001 -23"><span class='ocrx_word' id='word_1_182' title='bbox 570 2172 690 2254; x_wconf 90' lang='lat' dir='ltr'><strong>bis,</strong></span> <span class='ocrx_word' id='word_1_183' title='bbox 735 2172 952 2238; x_wconf 90' lang='lat' dir='ltr'><strong>divino</strong></span> <span class='ocrx_word' id='word_1_184' title='bbox 996 2194 1213 2237; x_wconf 89' lang='lat' dir='ltr'><strong>amore</strong></span> <span class='ocrx_word' id='word_1_185' title='bbox 1258 2185 1676 2260; x_wconf 87' lang='lat' dir='ltr'><strong>conpunctus,</strong></span> <span class='ocrx_word' id='word_1_186' title='bbox 1717 2174 1991 2239; x_wconf 87' lang='lat' dir='ltr'><strong>Romam</strong></span> <span class='ocrx_word' id='word_1_187' title='bbox 2026 2176 2203 2239; x_wconf 91' lang='lat' dir='ltr'><strong>venit</strong></span> <span class='ocrx_word' id='word_1_188' title='bbox 2235 2175 2620 2259; x_wconf 81' lang='lat' dir='ltr'><strong>hortatuque</strong></span> <span class='ocrx_word' id='word_1_189' title='bbox 2662 2182 2820 2235; x_wconf 93' lang='lat' dir='ltr'><strong>tunc</strong></span> 
     </span>
     <span class='ocr_line' id='line_1_24' title="bbox 571 2254 2820 2344; baseline -0.001 -23"><span class='ocrx_word' id='word_1_190' title='bbox 571 2254 872 2342; x_wconf 84' lang='lat' dir='ltr'><strong>Gregorii</strong></span> <span class='ocrx_word' id='word_1_191' title='bbox 922 2255 1312 2342; x_wconf 86' lang='lat' dir='ltr'><strong>apostolicae</strong></span> <span class='ocrx_word' id='word_1_192' title='bbox 1367 2257 1536 2322; x_wconf 88' lang='lat' dir='ltr'><strong>sedis</strong></span> <span class='ocrx_word' id='word_1_193' title='bbox 1593 2280 1802 2344; x_wconf 90' lang='lat' dir='ltr'><strong>papae</strong></span> <span class='ocrx_word' id='word_1_194' title='bbox 1858 2257 2084 2322; x_wconf 74' lang='lat' dir='ltr'><strong>hunew</strong></span> <span class='ocrx_word' id='word_1_195' title='bbox 2138 2257 2477 2321; x_wconf 83' lang='lat' dir='ltr'><strong>Cassinum</strong></span> <span class='ocrx_word' id='word_1_196' title='bbox 2534 2264 2820 2320; x_wconf 85' lang='lat' dir='ltr'><strong>castrum</strong></span> 
     </span>
     <span class='ocr_line' id='line_1_25' title="bbox 567 2339 2820 2440; baseline -0 -36"><span class='ocrx_word' id='word_1_197' title='bbox 567 2341 769 2426; x_wconf 90' lang='lat' dir='ltr'><strong>petiit,</strong></span> <span class='ocrx_word' id='word_1_198' title='bbox 827 2350 1067 2439; x_wconf 55' lang='lat' dir='ltr'><strong>atque*</strong></span> <span class='ocrx_word' id='word_1_199' title='bbox 1120 2339 1204 2404; x_wconf 84' lang='lat' dir='ltr'><strong>ad</strong></span> <span class='ocrx_word' id='word_1_200' title='bbox 1249 2362 1502 2404; x_wconf 86' lang='lat' dir='ltr'><strong>sacrum</strong></span> <span class='ocrx_word' id='word_1_201' title='bbox 1549 2363 1783 2440; x_wconf 90' lang='lat' dir='ltr'><strong>corpus</strong></span> <span class='ocrx_word' id='word_1_202' title='bbox 1832 2342 2006 2407; x_wconf 87' lang='lat' dir='ltr'><strong>beati</strong></span> <span class='ocrx_word' id='word_1_203' title='bbox 2047 2340 2385 2407; x_wconf 88' lang='lat' dir='ltr'><strong>Benedicti</strong></span> <span class='ocrx_word' id='word_1_204' title='bbox 2433 2340 2637 2428; x_wconf 88' lang='lat' dir='ltr'><strong>patris</strong></span> <span class='ocrx_word' id='word_1_205' title='bbox 2676 2362 2820 2425; x_wconf 89' lang='lat' dir='ltr'><strong>per-</strong></span> 
     </span>
     <span class='ocr_line' id='line_1_26' title="bbox 569 2422 2822 2512; baseline -0.001 -23"><span class='ocrx_word' id='word_1_206' title='bbox 569 2424 864 2506; x_wconf 87' lang='lat' dir='ltr'><strong>veniens,</strong></span> <span class='ocrx_word' id='word_1_207' title='bbox 920 2424 1014 2489; x_wconf 89' lang='lat' dir='ltr'><strong>1bi</strong></span> <span class='ocrx_word' id='word_1_208' title='bbox 1066 2445 1215 2487; x_wconf 90' lang='lat' dir='ltr'><strong>cum</strong></span> <span class='ocrx_word' id='word_1_209' title='bbox 1259 2422 1583 2510; x_wconf 87' lang='lat' dir='ltr'><strong>aliquibus</strong></span> <span class='ocrx_word' id='word_1_210' title='bbox 1627 2424 2026 2512; x_wconf 74' lang='lat' dir='ltr'><strong>simplicibus</strong></span> <span class='ocrx_word' id='word_1_211' title='bbox 2067 2427 2223 2490; x_wconf 90' lang='lat' dir='ltr'><strong>viris</strong></span> <span class='ocrx_word' id='word_1_212' title='bbox 2239 2437 2271 2479; x_wconf 72' lang='lat' dir='ltr'>Y</span> <span class='ocrx_word' id='word_1_213' title='bbox 2313 2425 2444 2489; x_wconf 87' lang='lat' dir='ltr'><strong>iam</strong></span> <span class='ocrx_word' id='word_1_214' title='bbox 2486 2434 2633 2489; x_wconf 89' lang='lat' dir='ltr'><strong>ante</strong></span> <span class='ocrx_word' id='word_1_215' title='bbox 2663 2424 2822 2488; x_wconf 90' lang='lat' dir='ltr'><strong>resi-</strong></span> 
     </span>
     <span class='ocr_line' id='line_1_27' title="bbox 570 2506 2817 2594; baseline -0 -22"><span class='ocrx_word' id='word_1_216' title='bbox 570 2507 869 2573; x_wconf 88' lang='lat' dir='ltr'><strong>dentibus</strong></span> <span class='ocrx_word' id='word_1_217' title='bbox 931 2507 1219 2572; x_wconf 85' lang='lat' dir='ltr'><strong>habitare</strong></span> <span class='ocrx_word' id='word_1_218' title='bbox 1270 2509 1498 2594; x_wconf 90' lang='lat' dir='ltr'><strong>coepit.</strong></span> <span class='ocrx_word' id='word_1_219' title='bbox 1602 2510 1732 2590; x_wconf 79' lang='lat' dir='ltr'><strong>Qui</strong></span> <span class='ocrx_word' id='word_1_220' title='bbox 1797 2510 2071 2574; x_wconf 90' lang='lat' dir='ltr'><strong>eundem</strong></span> <span class='ocrx_word' id='word_1_221' title='bbox 2121 2506 2554 2574; x_wconf 88' lang='lat' dir='ltr'><strong>venerabilem</strong></span> <span class='ocrx_word' id='word_1_222' title='bbox 2601 2509 2817 2572; x_wconf 81' lang='lat' dir='ltr'><strong>virum</strong></span> 
     </span>
     <span class='ocr_line' id='line_1_28' title="bbox 568 2590 2815 2678; baseline -0.001 -21"><span class='ocrx_word' id='word_1_223' title='bbox 568 2592 991 2657; x_wconf 86' lang='lat' dir='ltr'><strong>Petronacem</strong></span> <span class='ocrx_word' id='word_1_224' title='bbox 1035 2592 1158 2657; x_wconf 90' lang='lat' dir='ltr'><strong>sibi</strong></span> <span class='ocrx_word' id='word_1_225' title='bbox 1199 2593 1512 2657; x_wconf 86' lang='lat' dir='ltr'><strong>seniorem</strong></span> <span class='ocrx_word' id='word_1_226' title='bbox 1557 2603 1931 2658; x_wconf 87' lang='lat' dir='ltr'><strong>statuerunt.</strong></span> <span class='ocrx_word' id='word_1_227' title='bbox 2013 2593 2141 2657; x_wconf 91' lang='lat' dir='ltr'><strong>Hic</strong></span> <span class='ocrx_word' id='word_1_228' title='bbox 2182 2614 2312 2657; x_wconf 91' lang='lat' dir='ltr'><strong>non</strong></span> <span class='ocrx_word' id='word_1_229' title='bbox 2354 2601 2500 2678; x_wconf 88' lang='lat' dir='ltr'><strong>post</strong></span> <span class='ocrx_word' id='word_1_230' title='bbox 2542 2590 2815 2656; x_wconf 89' lang='lat' dir='ltr'><strong>multum</strong></span> 
     </span>
     <span class='ocr_line' id='line_1_29' title="bbox 569 2675 2818 2773; baseline 0 -33"><span class='ocrx_word' id='word_1_231' title='bbox 569 2687 852 2773; x_wconf 88' lang='lat' dir='ltr'><strong>tempus,</strong></span> <span class='ocrx_word' id='word_1_232' title='bbox 931 2686 1314 2760; x_wconf 87' lang='lat' dir='ltr'><strong>cooperante</strong></span> <span class='ocrx_word' id='word_1_233' title='bbox 1391 2675 1611 2741; x_wconf 87' lang='lat' dir='ltr'><strong>divina</strong></span> <span class='ocrx_word' id='word_1_234' title='bbox 1677 2676 2116 2742; x_wconf 90' lang='lat' dir='ltr'><strong>misericordia</strong></span> <span class='ocrx_word' id='word_1_235' title='bbox 2185 2687 2250 2741; x_wconf 91' lang='lat' dir='ltr'><strong>et</strong></span> <span class='ocrx_word' id='word_1_236' title='bbox 2319 2675 2818 2762; x_wconf 85' lang='lat' dir='ltr'><strong>suffragantibus</strong></span> 
     </span>
     <span class='ocr_line' id='line_1_30' title="bbox 569 2757 2820 2846; baseline 0.001 -26"><span class='ocrx_word' id='word_1_237' title='bbox 569 2759 814 2822; x_wconf 81' lang='lat' dir='ltr'><strong>meritis</strong></span> <span class='ocrx_word' id='word_1_238' title='bbox 867 2757 1040 2822; x_wconf 88' lang='lat' dir='ltr'><strong>beati</strong></span> <span class='ocrx_word' id='word_1_239' title='bbox 1087 2758 1421 2824; x_wconf 90' lang='lat' dir='ltr'><strong>Benedicti</strong></span> <span class='ocrx_word' id='word_1_240' title='bbox 1470 2762 1691 2846; x_wconf 74' lang='lat' dir='ltr'><strong>patrie,</strong></span> <span class='ocrx_word' id='word_1_241' title='bbox 1741 2764 1997 2846; x_wconf 87' lang='lat' dir='ltr'><strong>iamque</strong></span> <span class='ocrx_word' id='word_1_242' title='bbox 2047 2759 2319 2825; x_wconf 89' lang='lat' dir='ltr'><strong>evolutis</strong></span> <span class='ocrx_word' id='word_1_243' title='bbox 2375 2760 2509 2824; x_wconf 88' lang='lat' dir='ltr'><strong>fere</strong></span> <span class='ocrx_word' id='word_1_244' title='bbox 2561 2768 2820 2824; x_wconf 89' lang='lat' dir='ltr'><strong>centum</strong></span> 
     </span>
     <span class='ocr_line' id='line_1_31' title="bbox 569 2841 2818 2928; baseline 0 -23"><span class='ocrx_word' id='word_1_245' title='bbox 569 2848 635 2905; x_wconf 92' lang='lat' dir='ltr'><strong>et</strong></span> <span class='ocrx_word' id='word_1_246' title='bbox 695 2841 920 2905; x_wconf 88' lang='lat' dir='ltr'><strong>decem</strong></span> <span class='ocrx_word' id='word_1_247' title='bbox 976 2842 1186 2923; x_wconf 77' lang='lat' dir='ltr'><strong>anniS,</strong></span> <span class='ocrx_word' id='word_1_248' title='bbox 1252 2865 1336 2906; x_wconf 85' lang='lat' dir='ltr'><strong>ex</strong></span> <span class='ocrx_word' id='word_1_249' title='bbox 1393 2865 1523 2928; x_wconf 89' lang='lat' dir='ltr'><strong>quo</strong></span> <span class='ocrx_word' id='word_1_250' title='bbox 1587 2843 1766 2909; x_wconf 92' lang='lat' dir='ltr'><strong>locus</strong></span> <span class='ocrx_word' id='word_1_251' title='bbox 1828 2844 1935 2910; x_wconf 92' lang='lat' dir='ltr'><strong>ille</strong></span> <span class='ocrx_word' id='word_1_252' title='bbox 1991 2843 2385 2909; x_wconf 87' lang='lat' dir='ltr'><strong>habitatione</strong></span> <span class='ocrx_word' id='word_1_253' title='bbox 2403 2855 2428 2886; x_wconf 74' lang='lat'><strong>²</strong></span> <span class='ocrx_word' id='word_1_254' title='bbox 2486 2842 2818 2908; x_wconf 91' lang='lat' dir='ltr'><strong>hominum</strong></span> 
     </span>
     <span class='ocr_line' id='line_1_32' title="bbox 570 2923 2817 3010; baseline 0.002 -22"><span class='ocrx_word' id='word_1_255' title='bbox 570 2923 910 2988; x_wconf 88' lang='lat' dir='ltr'><strong>destitutus</strong></span> <span class='ocrx_word' id='word_1_256' title='bbox 955 2934 1116 3006; x_wconf 84' lang='lat' dir='ltr'><strong>erat,</strong></span> <span class='ocrx_word' id='word_1_257' title='bbox 1172 2923 1514 2989; x_wconf 87' lang='lat' dir='ltr'><strong>multorum</strong></span> <span class='ocrx_word' id='word_1_258' title='bbox 1560 2928 1652 2993; x_wconf 88' lang='lat' dir='ltr'><strong>ibi</strong></span> <span class='ocrx_word' id='word_1_259' title='bbox 1694 2927 2171 3010; x_wconf 91' lang='lat' dir='ltr'><strong>monachorum,</strong></span> <span class='ocrx_word' id='word_1_260' title='bbox 2225 2926 2539 2995; x_wconf 90' lang='lat' dir='ltr'><strong>nobilium</strong></span> <span class='ocrx_word' id='word_1_261' title='bbox 2582 2936 2646 2992; x_wconf 90' lang='lat' dir='ltr'><strong>et</strong></span> <span class='ocrx_word' id='word_1_262' title='bbox 2685 2949 2817 2992; x_wconf 88' lang='lat' dir='ltr'><strong>me-</strong></span> 
     </span>
     <span class='ocr_line' id='line_1_33' title="bbox 569 3006 2816 3098; baseline 0.002 -27"><span class='ocrx_word' id='word_1_263' title='bbox 569 3008 905 3088; x_wconf 91' lang='lat' dir='ltr'><strong>diocrium,</strong></span> <span class='ocrx_word' id='word_1_264' title='bbox 959 3006 1043 3071; x_wconf 89' lang='lat' dir='ltr'><strong>ad</strong></span> <span class='ocrx_word' id='word_1_265' title='bbox 1099 3027 1168 3070; x_wconf 88' lang='lat' dir='ltr'><strong>se</strong></span> <span class='ocrx_word' id='word_1_266' title='bbox 1226 3012 1741 3074; x_wconf 90' lang='lat' dir='ltr'><strong>concurrentium</strong></span> <span class='ocrx_word' id='word_1_267' title='bbox 1794 3021 1979 3098; x_wconf 86' lang='lat' dir='ltr'><strong>pater</strong></span> <span class='ocrx_word' id='word_1_268' title='bbox 2035 3011 2318 3094; x_wconf 86' lang='lat' dir='ltr'><strong>effectus,</strong></span> <span class='ocrx_word' id='word_1_269' title='bbox 2377 3012 2497 3076; x_wconf 89' lang='lat' dir='ltr'><strong>sub</strong></span> <span class='ocrx_word' id='word_1_270' title='bbox 2557 3021 2816 3075; x_wconf 87' lang='lat' dir='ltr'><strong>sanctae</strong></span> 
     </span>
     <span class='ocr_line' id='line_1_34' title="bbox 568 3089 2816 3182; baseline 0.002 -28"><span class='ocrx_word' id='word_1_271' title='bbox 568 3089 829 3175; x_wconf 90' lang='lat' dir='ltr'><strong>regulae</strong></span> <span class='ocrx_word' id='word_1_272' title='bbox 872 3091 1136 3176; x_wconf 80' lang='lat' dir='ltr'><strong>iugum⁸¹</strong></span> <span class='ocrx_word' id='word_1_273' title='bbox 1167 3100 1230 3156; x_wconf 90' lang='lat' dir='ltr'><strong>et</strong></span> <span class='ocrx_word' id='word_1_274' title='bbox 1259 3090 1431 3157; x_wconf 87' lang='lat' dir='ltr'><strong>beati</strong></span> <span class='ocrx_word' id='word_1_275' title='bbox 1459 3093 1799 3160; x_wconf 88' lang='lat' dir='ltr'><strong>Benedicti</strong></span> <span class='ocrx_word' id='word_1_276' title='bbox 1840 3095 2255 3178; x_wconf 89' lang='lat' dir='ltr'><strong>institutione,</strong></span> <span class='ocrx_word' id='word_1_277' title='bbox 2297 3096 2608 3182; x_wconf 88' lang='lat' dir='ltr'><strong>reparatis</strong></span> <span class='ocrx_word' id='word_1_278' title='bbox 2637 3093 2816 3160; x_wconf 88' lang='lat' dir='ltr'><strong>habi-</strong></span> 
     </span>
     <span class='ocr_line' id='line_1_35' title="bbox 571 3173 2819 3263; baseline 0.002 -24"><span class='ocrx_word' id='word_1_279' title='bbox 571 3173 818 3258; x_wconf 87' lang='lat' dir='ltr'><strong>taculis,</strong></span> <span class='ocrx_word' id='word_1_280' title='bbox 860 3175 1078 3240; x_wconf 88' lang='lat' dir='ltr'><strong>vivere</strong></span> <span class='ocrx_word' id='word_1_281' title='bbox 1123 3177 1334 3261; x_wconf 89' lang='lat' dir='ltr'><strong>coepit</strong></span> <span class='ocrx_word' id='word_1_282' title='bbox 1373 3186 1568 3263; x_wconf 88' lang='lat' dir='ltr'><strong>atque</strong></span> <span class='ocrx_word' id='word_1_283' title='bbox 1612 3178 1768 3243; x_wconf 73' lang='lat' dir='ltr'><strong>*hoc</strong></span> <span class='ocrx_word' id='word_1_284' title='bbox 1811 3190 2104 3244; x_wconf 90' lang='lat' dir='ltr'><strong>sanctum</strong></span> <span class='ocrx_word' id='word_1_285' title='bbox 2150 3180 2532 3246; x_wconf 91' lang='lat' dir='ltr'><strong>coenobium</strong></span> <span class='ocrx_word' id='word_1_286' title='bbox 2571 3179 2643 3242; x_wconf 90' lang='lat' dir='ltr'><strong>in</strong></span> <span class='ocrx_word' id='word_1_287' title='bbox 2696 3188 2819 3244; x_wconf 88' lang='lat' dir='ltr'><strong>sta-</strong></span> 
     </span>
     <span class='ocr_line' id='line_1_36' title="bbox 570 3260 2819 3345; baseline 0.002 -22"><span class='ocrx_word' id='word_1_288' title='bbox 570 3260 753 3323; x_wconf 74' lang='lat' dir='ltr'><strong>tumb</strong></span> <span class='ocrx_word' id='word_1_289' title='bbox 814 3280 943 3345; x_wconf 90' lang='lat' dir='ltr'><strong>quo</strong></span> <span class='ocrx_word' id='word_1_290' title='bbox 1000 3279 1173 3322; x_wconf 92' lang='lat' dir='ltr'><strong>nunc</strong></span> <span class='ocrx_word' id='word_1_291' title='bbox 1237 3262 1518 3326; x_wconf 91' lang='lat' dir='ltr'><strong>cernitur</strong></span> <span class='ocrx_word' id='word_1_292' title='bbox 1583 3264 1844 3329; x_wconf 82' lang='lat' dir='ltr'><strong>erexit1.</strong></span> <span class='ocrx_word' id='word_1_293' title='bbox 1959 3263 2177 3328; x_wconf 76' lang='lat' dir='ltr'><strong>Huic⁰</strong></span> <span class='ocrx_word' id='word_1_294' title='bbox 2252 3261 2601 3329; x_wconf 89' lang='lat' dir='ltr'><strong>venerabili</strong></span> <span class='ocrx_word' id='word_1_295' title='bbox 2678 3263 2819 3328; x_wconf 93' lang='lat' dir='ltr'><strong>viro</strong></span> 
     </span>
    </p>
   </div>
   <div class='ocr_carea' id='block_1_5' title="bbox 569 3381 2820 3442">
    <p class='ocr_par' dir='ltr' id='par_1_7' title="bbox 569 3381 2820 3442">
     <span class='ocr_line' id='line_1_37' title="bbox 569 3381 2820 3442; baseline 0.004 -19"><span class='ocrx_word' id='word_1_296' title='bbox 569 3381 618 3435; x_wconf 89' lang='lat' dir='ltr'><strong>a)</strong></span> <span class='ocrx_word' id='word_1_297' title='bbox 646 3387 698 3424; x_wconf 84' lang='lat' dir='ltr'><strong>nt</strong></span> <span class='ocrx_word' id='word_1_298' title='bbox 732 3405 784 3414; x_wconf 90' lang='lat'>—</span> <span class='ocrx_word' id='word_1_299' title='bbox 818 3384 991 3424; x_wconf 78' lang='lat' dir='ltr'><strong>exemit</strong></span> <span class='ocrx_word' id='word_1_300' title='bbox 1020 3385 1108 3429; x_wconf 67' lang='lat' dir='ltr'><strong>des.</strong></span> <span class='ocrx_word' id='word_1_301' title='bbox 1141 3385 1184 3426; x_wconf 86' lang='lat' dir='ltr'><strong>G</strong></span> <span class='ocrx_word' id='word_1_302' title='bbox 1213 3385 1282 3427; x_wconf 75' lang='lat'><strong>50.</strong></span> <span class='ocrx_word' id='word_1_303' title='bbox 1404 3386 1451 3439; x_wconf 89' lang='lat' dir='ltr'><strong>b)</strong></span> <span class='ocrx_word' id='word_1_304' title='bbox 1484 3400 1595 3429; x_wconf 79' lang='lat' dir='ltr'><strong>suus</strong></span> <span class='ocrx_word' id='word_1_305' title='bbox 1625 3390 1662 3428; x_wconf 82' lang='lat' dir='ltr'><strong>F</strong></span> <span class='ocrx_word' id='word_1_306' title='bbox 1698 3393 1739 3432; x_wconf 90' lang='lat'><strong>1.</strong></span> <span class='ocrx_word' id='word_1_307' title='bbox 1861 3389 1903 3442; x_wconf 90' lang='lat' dir='ltr'><strong>c)</strong></span> <span class='ocrx_word' id='word_1_308' title='bbox 1936 3393 2157 3441; x_wconf 76' lang='lat' dir='ltr'><strong>vaginam</strong></span> <span class='ocrx_word' id='word_1_309' title='bbox 2187 3392 2224 3431; x_wconf 74' lang='lat' dir='ltr'><strong>F</strong></span> <span class='ocrx_word' id='word_1_310' title='bbox 2258 3394 2298 3432; x_wconf 88' lang='lat'><strong>1.</strong></span> <span class='ocrx_word' id='word_1_311' title='bbox 2334 3391 2375 3432; x_wconf 93' lang='lat' dir='ltr'><strong>G</strong></span> <span class='ocrx_word' id='word_1_312' title='bbox 2409 3392 2449 3431; x_wconf 87' lang='lat'><strong>1.</strong></span> <span class='ocrx_word' id='word_1_313' title='bbox 2487 3388 2545 3430; x_wconf 76' lang='lat'><strong>2⁴?</strong></span> <span class='ocrx_word' id='word_1_314' title='bbox 2667 3387 2716 3441; x_wconf 84' lang='lat' dir='ltr'><strong>d)</strong></span> <span class='ocrx_word' id='word_1_315' title='bbox 2749 3400 2820 3431; x_wconf 77' lang='lat' dir='ltr'><strong>re·</strong></span> 
     </span>
    </p>
   </div>
   <div class='ocr_carea' id='block_1_6' title="bbox 563 3442 2819 3969">
    <p class='ocr_par' dir='ltr' id='par_1_8' title="bbox 563 3442 2819 3969">
     <span class='ocr_line' id='line_1_38' title="bbox 568 3442 2815 3502; baseline 0.003 -18"><span class='ocrx_word' id='word_1_316' title='bbox 568 3445 638 3492; x_wconf 69' lang='lat' dir='ltr'><strong>gis</strong></span> <span class='ocrx_word' id='word_1_317' title='bbox 668 3442 712 3483; x_wconf 70' lang='lat' dir='ltr'>A</span> <span class='ocrx_word' id='word_1_318' title='bbox 744 3444 788 3484; x_wconf 77' lang='lat'><strong>8.</strong></span> <span class='ocrx_word' id='word_1_319' title='bbox 818 3446 862 3485; x_wconf 78' lang='grc'><strong>4.</strong></span> <span class='ocrx_word' id='word_1_320' title='bbox 894 3444 933 3483; x_wconf 88' lang='grc' dir='ltr'><strong>Β</strong></span> <span class='ocrx_word' id='word_1_321' title='bbox 973 3444 1013 3484; x_wconf 87' lang='grc'><strong>2.</strong></span> <span class='ocrx_word' id='word_1_322' title='bbox 1046 3444 1084 3484; x_wconf 79' lang='grc' dir='ltr'>Ε</span> <span class='ocrx_word' id='word_1_323' title='bbox 1119 3446 1158 3484; x_wconf 91' lang='grc'><strong>1.</strong></span> <span class='ocrx_word' id='word_1_324' title='bbox 1188 3444 1230 3485; x_wconf 92' lang='lat' dir='ltr'><strong>G</strong></span> <span class='ocrx_word' id='word_1_325' title='bbox 1262 3447 1303 3486; x_wconf 87' lang='grc'><strong>3.</strong></span> <span class='ocrx_word' id='word_1_326' title='bbox 1336 3447 1380 3486; x_wconf 82' lang='grc' dir='ltr'><strong><em>Η</em></strong></span> <span class='ocrx_word' id='word_1_327' title='bbox 1412 3448 1453 3490; x_wconf 82' lang='lat'><strong>5.</strong></span> <span class='ocrx_word' id='word_1_328' title='bbox 1486 3449 1508 3487; x_wconf 92' lang='lat'>1</span> <span class='ocrx_word' id='word_1_329' title='bbox 1541 3449 1591 3497; x_wconf 80' lang='lat'><strong>23</strong></span> <span class='ocrx_word' id='word_1_330' title='bbox 1637 3451 1792 3498; x_wconf 75' lang='lat' dir='ltr'><strong>regius</strong></span> <span class='ocrx_word' id='word_1_331' title='bbox 1823 3461 1938 3490; x_wconf 83' lang='lat' dir='ltr'><strong>corr.</strong></span> <span class='ocrx_word' id='word_1_332' title='bbox 1970 3452 2093 3499; x_wconf 79' lang='lat' dir='ltr'><strong>regia</strong></span> <span class='ocrx_word' id='word_1_333' title='bbox 2127 3452 2166 3489; x_wconf 60' lang='grc' dir='ltr'><strong>(ἕ</strong></span> <span class='ocrx_word' id='word_1_334' title='bbox 2198 3451 2240 3492; x_wconf 88' lang='grc'><strong>2.</strong></span> <span class='ocrx_word' id='word_1_335' title='bbox 2395 3448 2439 3502; x_wconf 92' lang='lat' dir='ltr'><strong>e)</strong></span> <span class='ocrx_word' id='word_1_336' title='bbox 2474 3449 2569 3490; x_wconf 84' lang='lat' dir='ltr'><strong>Sub</strong></span> <span class='ocrx_word' id='word_1_337' title='bbox 2600 3449 2642 3490; x_wconf 84' lang='lat' dir='ltr'>A</span> <span class='ocrx_word' id='word_1_338' title='bbox 2673 3448 2735 3492; x_wconf 77' lang='grc'><strong>’3.</strong></span> <span class='ocrx_word' id='word_1_339' title='bbox 2771 3452 2815 3491; x_wconf 78' lang='grc'><strong>3.</strong></span> 
     </span>
     <span class='ocr_line' id='line_1_39' title="bbox 567 3500 2815 3559; baseline 0.004 -18"><span class='ocrx_word' id='word_1_340' title='bbox 567 3502 604 3540; x_wconf 82' lang='lat' dir='ltr'><strong>F</strong></span> <span class='ocrx_word' id='word_1_341' title='bbox 639 3502 712 3547; x_wconf 72' lang='lat' dir='ltr'><strong>Ba.</strong></span> <span class='ocrx_word' id='word_1_342' title='bbox 743 3501 784 3542; x_wconf 93' lang='lat' dir='ltr'><strong>G</strong></span> <span class='ocrx_word' id='word_1_343' title='bbox 816 3503 862 3542; x_wconf 83' lang='lat'><strong>3.</strong></span> <span class='ocrx_word' id='word_1_344' title='bbox 892 3502 936 3541; x_wconf 88' lang='lat'><strong>4.</strong></span> <span class='ocrx_word' id='word_1_345' title='bbox 1087 3500 1122 3554; x_wconf 73' lang='lat'><em>0</em></span> <span class='ocrx_word' id='word_1_346' title='bbox 1155 3506 1510 3552; x_wconf 74' lang='lat' dir='ltr'><strong>pei-occiderunt</strong></span> <span class='ocrx_word' id='word_1_347' title='bbox 1540 3507 1578 3547; x_wconf 66' lang='lat'><strong>1⁴*</strong></span> <span class='ocrx_word' id='word_1_348' title='bbox 1612 3509 1664 3556; x_wconf 77' lang='lat'><strong>13</strong></span> <span class='ocrx_word' id='word_1_349' title='bbox 1710 3509 2012 3558; x_wconf 81' lang='lat' dir='ltr'><strong>prociderunt</strong></span> <span class='ocrx_word' id='word_1_350' title='bbox 2043 3510 2084 3550; x_wconf 97' lang='lat' dir='ltr'><strong>G</strong></span> <span class='ocrx_word' id='word_1_351' title='bbox 2120 3510 2249 3551; x_wconf 85' lang='grc'><strong>1-4.</strong></span> <span class='ocrx_word' id='word_1_352' title='bbox 2401 3507 2449 3559; x_wconf 73' lang='lat' dir='ltr'><strong>g)</strong></span> <span class='ocrx_word' id='word_1_353' title='bbox 2481 3508 2655 3549; x_wconf 79' lang='lat' dir='ltr'><strong>ibidem</strong></span> <span class='ocrx_word' id='word_1_354' title='bbox 2687 3508 2726 3549; x_wconf 82' lang='lat' dir='ltr'>C</span> <span class='ocrx_word' id='word_1_355' title='bbox 2758 3511 2815 3559; x_wconf 82' lang='lat' dir='ltr'><strong>l;</strong></span> 
     </span>
     <span class='ocr_line' id='line_1_40' title="bbox 566 3560 2814 3619; baseline 0.004 -19"><span class='ocrx_word' id='word_1_356' title='bbox 566 3561 740 3601; x_wconf 84' lang='lat' dir='ltr'><strong>ibidem</strong></span> <span class='ocrx_word' id='word_1_357' title='bbox 771 3564 816 3601; x_wconf 84' lang='lat' dir='ltr'><strong>et</strong></span> <span class='ocrx_word' id='word_1_358' title='bbox 847 3561 870 3601; x_wconf 90' lang='lat'>1</span> <span class='ocrx_word' id='word_1_359' title='bbox 902 3561 944 3599; x_wconf 84' lang='lat'><strong>1.</strong></span> <span class='ocrx_word' id='word_1_360' title='bbox 1081 3560 1129 3612; x_wconf 86' lang='lat' dir='ltr'><strong>h)</strong></span> <span class='ocrx_word' id='word_1_361' title='bbox 1163 3563 1272 3602; x_wconf 74' lang='lat' dir='ltr'><strong>decet</strong></span> <span class='ocrx_word' id='word_1_362' title='bbox 1305 3564 1340 3604; x_wconf 86' lang='lat' dir='ltr'>C</span> <span class='ocrx_word' id='word_1_363' title='bbox 1374 3566 1413 3603; x_wconf 91' lang='lat'><strong>1.</strong></span> <span class='ocrx_word' id='word_1_364' title='bbox 1552 3564 1586 3617; x_wconf 90' lang='lat' dir='ltr'><strong>i)</strong></span> <span class='ocrx_word' id='word_1_365' title='bbox 1624 3576 1679 3606; x_wconf 89' lang='lat' dir='ltr'><strong>eo</strong></span> <span class='ocrx_word' id='word_1_366' title='bbox 1709 3568 1746 3605; x_wconf 82' lang='lat' dir='ltr'><strong>F</strong></span> <span class='ocrx_word' id='word_1_367' title='bbox 1780 3569 1852 3609; x_wconf 66' lang='lat' dir='ltr'><strong>aa.</strong></span> <span class='ocrx_word' id='word_1_368' title='bbox 1886 3567 1928 3608; x_wconf 91' lang='lat' dir='ltr'><strong>G</strong></span> <span class='ocrx_word' id='word_1_369' title='bbox 1960 3569 2002 3609; x_wconf 81' lang='grc'><strong>8.</strong></span> <span class='ocrx_word' id='word_1_370' title='bbox 2035 3568 2078 3610; x_wconf 89' lang='grc'><strong>4.</strong></span> <span class='ocrx_word' id='word_1_371' title='bbox 2227 3566 2277 3619; x_wconf 80' lang='lat' dir='ltr'><strong>k)</strong></span> <span class='ocrx_word' id='word_1_372' title='bbox 2312 3571 2358 3609; x_wconf 86' lang='lat' dir='ltr'><strong>et</strong></span> <span class='ocrx_word' id='word_1_373' title='bbox 2387 3569 2424 3607; x_wconf 81' lang='lat' dir='ltr'>F</span> <span class='ocrx_word' id='word_1_374' title='bbox 2458 3570 2499 3610; x_wconf 91' lang='lat'><strong>1.</strong></span> <span class='ocrx_word' id='word_1_375' title='bbox 2532 3567 2573 3608; x_wconf 93' lang='lat' dir='ltr'><strong>G</strong></span> <span class='ocrx_word' id='word_1_376' title='bbox 2607 3570 2646 3606; x_wconf 90' lang='lat'><strong>1.</strong></span> <span class='ocrx_word' id='word_1_377' title='bbox 2683 3568 2731 3617; x_wconf 75' lang='lat'><strong>23</strong></span> <span class='ocrx_word' id='word_1_378' title='bbox 2763 3572 2814 3608; x_wconf 84' lang='lat' dir='ltr'><strong>ut</strong></span> 
     </span>
     <span class='ocr_line' id='line_1_41' title="bbox 570 3619 2813 3678; baseline 0.004 -20"><span class='ocrx_word' id='word_1_379' title='bbox 570 3629 607 3671; x_wconf 69' lang='grc' dir='ltr'><strong>ξ)</strong></span> <span class='ocrx_word' id='word_1_380' title='bbox 641 3619 683 3659; x_wconf 79' lang='lat'><strong>8.</strong></span> <span class='ocrx_word' id='word_1_381' title='bbox 715 3619 767 3668; x_wconf 81' lang='lat'><strong>43</strong></span> <span class='ocrx_word' id='word_1_382' title='bbox 798 3620 909 3658; x_wconf 71' lang='lat' dir='ltr'><strong>deese</strong></span> <span class='ocrx_word' id='word_1_383' title='bbox 939 3619 977 3657; x_wconf 76' lang='lat' dir='ltr'><strong>F</strong></span> <span class='ocrx_word' id='word_1_384' title='bbox 1010 3619 1083 3660; x_wconf 72' lang='lat' dir='ltr'><strong>Sa.</strong></span> <span class='ocrx_word' id='word_1_385' title='bbox 1203 3620 1237 3672; x_wconf 91' lang='lat'><strong>1)</strong></span> <span class='ocrx_word' id='word_1_386' title='bbox 1272 3632 1485 3672; x_wconf 75' lang='lat' dir='ltr'><strong>egressus</strong></span> <span class='ocrx_word' id='word_1_387' title='bbox 1517 3623 1569 3666; x_wconf 83' lang='lat' dir='ltr'><strong>C.</strong></span> <span class='ocrx_word' id='word_1_388' title='bbox 1604 3624 1626 3663; x_wconf 91' lang='lat'>1</span> <span class='ocrx_word' id='word_1_389' title='bbox 1646 3626 1686 3665; x_wconf 88' lang='lat'><strong>1.</strong></span> <span class='ocrx_word' id='word_1_390' title='bbox 1807 3624 1871 3677; x_wconf 93' lang='lat' dir='ltr'><strong>m)</strong></span> <span class='ocrx_word' id='word_1_391' title='bbox 1906 3628 2173 3668; x_wconf 83' lang='lat' dir='ltr'><strong>occiderent</strong></span> <span class='ocrx_word' id='word_1_392' title='bbox 2202 3628 2239 3667; x_wconf 74' lang='lat' dir='ltr'><strong>F</strong></span> <span class='ocrx_word' id='word_1_393' title='bbox 2259 3629 2297 3667; x_wconf 90' lang='lat'><strong>1.</strong></span> <span class='ocrx_word' id='word_1_394' title='bbox 2419 3624 2470 3678; x_wconf 89' lang='lat' dir='ltr'><strong>n)</strong></span> <span class='ocrx_word' id='word_1_395' title='bbox 2503 3627 2813 3675; x_wconf 75' lang='lat' dir='ltr'><strong>cogitaverint</strong></span> 
     </span>
     <span class='ocr_line' id='line_1_42' title="bbox 569 3678 2815 3737; baseline 0.004 -21"><span class='ocrx_word' id='word_1_396' title='bbox 569 3681 608 3737; x_wconf 70' lang='grc' dir='ltr'>ᾼ</span> <span class='ocrx_word' id='word_1_397' title='bbox 641 3678 685 3717; x_wconf 89' lang='grc'><strong>4.</strong></span> <span class='ocrx_word' id='word_1_398' title='bbox 718 3679 756 3717; x_wconf 86' lang='grc' dir='ltr'><em>Β</em></span> <span class='ocrx_word' id='word_1_399' title='bbox 792 3678 831 3717; x_wconf 87' lang='grc'><strong>2.</strong></span> <span class='ocrx_word' id='word_1_400' title='bbox 863 3678 905 3716; x_wconf 91' lang='lat' dir='ltr'>D</span> <span class='ocrx_word' id='word_1_401' title='bbox 942 3679 981 3715; x_wconf 92' lang='grc'><strong>1.</strong></span> <span class='ocrx_word' id='word_1_402' title='bbox 1011 3678 1049 3718; x_wconf 79' lang='grc' dir='ltr'>Ε</span> <span class='ocrx_word' id='word_1_403' title='bbox 1086 3681 1126 3720; x_wconf 91' lang='grc'><strong>1.</strong></span> <span class='ocrx_word' id='word_1_404' title='bbox 1160 3679 1197 3719; x_wconf 81' lang='lat' dir='ltr'><strong>F</strong></span> <span class='ocrx_word' id='word_1_405' title='bbox 1230 3682 1271 3724; x_wconf 89' lang='lat'><strong>1.</strong></span> <span class='ocrx_word' id='word_1_406' title='bbox 1303 3681 1345 3722; x_wconf 97' lang='lat' dir='ltr'><strong>G</strong></span> <span class='ocrx_word' id='word_1_407' title='bbox 1377 3683 1417 3725; x_wconf 79' lang='grc'><strong>8.</strong></span> <span class='ocrx_word' id='word_1_408' title='bbox 1464 3683 1533 3726; x_wconf 74' lang='lat'><strong>50.</strong></span> <span class='ocrx_word' id='word_1_409' title='bbox 1566 3685 1611 3723; x_wconf 81' lang='lat' dir='ltr'><strong><em>H</em></strong></span> <span class='ocrx_word' id='word_1_410' title='bbox 1642 3683 1713 3725; x_wconf 69' lang='lat' dir='ltr'><strong>ba.</strong></span> <span class='ocrx_word' id='word_1_411' title='bbox 1746 3685 1771 3724; x_wconf 93' lang='lat'>1</span> <span class='ocrx_word' id='word_1_412' title='bbox 1804 3686 1857 3737; x_wconf 77' lang='lat'><strong>23</strong></span> <span class='ocrx_word' id='word_1_413' title='bbox 1904 3688 2226 3735; x_wconf 75' lang='lat' dir='ltr'><strong>cogitaverant</strong></span> <span class='ocrx_word' id='word_1_414' title='bbox 2253 3687 2292 3726; x_wconf 89' lang='lat' dir='ltr'><strong>B</strong></span> <span class='ocrx_word' id='word_1_415' title='bbox 2324 3686 2367 3727; x_wconf 83' lang='lat'><strong>4.</strong></span> <span class='ocrx_word' id='word_1_416' title='bbox 2400 3685 2438 3725; x_wconf 79' lang='lat' dir='ltr'>F</span> <span class='ocrx_word' id='word_1_417' title='bbox 2470 3685 2520 3733; x_wconf 67' lang='grc' dir='ltr'><strong>ὃς</strong></span> <span class='ocrx_word' id='word_1_418' title='bbox 2554 3687 2815 3734; x_wconf 73' lang='lat' dir='ltr'><strong>cogitarent</strong></span> 
     </span>
     <span class='ocr_line' id='line_1_43' title="bbox 568 3734 2817 3795; baseline 0.005 -20"><span class='ocrx_word' id='word_1_419' title='bbox 568 3735 603 3775; x_wconf 87' lang='lat' dir='ltr'>C</span> <span class='ocrx_word' id='word_1_420' title='bbox 637 3737 676 3775; x_wconf 85' lang='lat'><strong>1.</strong></span> <span class='ocrx_word' id='word_1_421' title='bbox 709 3736 746 3774; x_wconf 81' lang='lat' dir='ltr'>F</span> <span class='ocrx_word' id='word_1_422' title='bbox 777 3736 819 3775; x_wconf 79' lang='lat'><strong>4.</strong></span> <span class='ocrx_word' id='word_1_423' title='bbox 855 3734 896 3775; x_wconf 92' lang='lat' dir='ltr'><strong>G</strong></span> <span class='ocrx_word' id='word_1_424' title='bbox 928 3735 999 3775; x_wconf 88' lang='lat' dir='ltr'><strong>5a.</strong></span> <span class='ocrx_word' id='word_1_425' title='bbox 1031 3737 1074 3776; x_wconf 85' lang='lat' dir='ltr'><strong>H</strong></span> <span class='ocrx_word' id='word_1_426' title='bbox 1107 3739 1147 3776; x_wconf 92' lang='lat'><strong>1.</strong></span> <span class='ocrx_word' id='word_1_427' title='bbox 1177 3739 1201 3777; x_wconf 95' lang='lat'>1</span> <span class='ocrx_word' id='word_1_428' title='bbox 1234 3744 1271 3784; x_wconf 83' lang='lat'><strong>1,</strong></span> <span class='ocrx_word' id='word_1_429' title='bbox 1408 3739 1453 3792; x_wconf 91' lang='lat' dir='ltr'><strong>o)</strong></span> <span class='ocrx_word' id='word_1_430' title='bbox 1487 3743 1698 3784; x_wconf 81' lang='lat' dir='ltr'><strong>facerent</strong></span> <span class='ocrx_word' id='word_1_431' title='bbox 1726 3742 1767 3783; x_wconf 83' lang='lat' dir='ltr'>A</span> <span class='ocrx_word' id='word_1_432' title='bbox 1801 3745 1841 3785; x_wconf 90' lang='grc'><strong>2.</strong></span> <span class='ocrx_word' id='word_1_433' title='bbox 1874 3745 1913 3784; x_wconf 71' lang='lat' dir='ltr'><strong>F</strong></span> <span class='ocrx_word' id='word_1_434' title='bbox 1945 3747 1985 3787; x_wconf 86' lang='lat'><strong>1.</strong></span> <span class='ocrx_word' id='word_1_435' title='bbox 2021 3746 2063 3787; x_wconf 88' lang='lat' dir='ltr'><strong>G</strong></span> <span class='ocrx_word' id='word_1_436' title='bbox 2095 3747 2134 3786; x_wconf 92' lang='lat'><strong>1.</strong></span> <span class='ocrx_word' id='word_1_437' title='bbox 2171 3746 2212 3785; x_wconf 92' lang='grc'><strong>2.</strong></span> <span class='ocrx_word' id='word_1_438' title='bbox 2345 3744 2393 3795; x_wconf 86' lang='lat' dir='ltr'><strong>p)</strong></span> <span class='ocrx_word' id='word_1_439' title='bbox 2428 3744 2817 3786; x_wconf 78' lang='lat' dir='ltr'><strong>machinaverunt</strong></span> 
     </span>
     <span class='ocr_line' id='line_1_44' title="bbox 566 3792 2815 3855; baseline 0.004 -21"><span class='ocrx_word' id='word_1_440' title='bbox 566 3793 666 3835; x_wconf 75' lang='lat' dir='ltr'><strong>Aa.</strong></span> <span class='ocrx_word' id='word_1_441' title='bbox 702 3792 744 3833; x_wconf 88' lang='lat' dir='ltr'><strong>G</strong></span> <span class='ocrx_word' id='word_1_442' title='bbox 772 3795 811 3833; x_wconf 89' lang='lat'><strong>1.</strong></span> <span class='ocrx_word' id='word_1_443' title='bbox 842 3794 893 3842; x_wconf 78' lang='lat'><strong>83</strong></span> <span class='ocrx_word' id='word_1_444' title='bbox 927 3795 1177 3836; x_wconf 84' lang='lat' dir='ltr'><strong>machinati</strong></span> <span class='ocrx_word' id='word_1_445' title='bbox 1206 3796 1390 3839; x_wconf 80' lang='lat' dir='ltr'><strong>fuerant</strong></span> <span class='ocrx_word' id='word_1_446' title='bbox 1418 3800 1461 3839; x_wconf 92' lang='lat' dir='ltr'>D</span> <span class='ocrx_word' id='word_1_447' title='bbox 1496 3802 1538 3843; x_wconf 78' lang='lat'><strong>3.</strong></span> <span class='ocrx_word' id='word_1_448' title='bbox 1632 3799 1680 3852; x_wconf 89' lang='lat' dir='ltr'><strong>q)</strong></span> <span class='ocrx_word' id='word_1_449' title='bbox 1713 3801 1806 3843; x_wconf 83' lang='lat' dir='ltr'><strong>Sed</strong></span> <span class='ocrx_word' id='word_1_450' title='bbox 1836 3803 1893 3846; x_wconf 92' lang='lat' dir='ltr'><strong>D.</strong></span> <span class='ocrx_word' id='word_1_451' title='bbox 1925 3805 2008 3848; x_wconf 85' lang='lat'><strong>11.</strong></span> <span class='ocrx_word' id='word_1_452' title='bbox 2096 3801 2136 3855; x_wconf 89' lang='lat' dir='ltr'><strong>r)</strong></span> <span class='ocrx_word' id='word_1_453' title='bbox 2168 3805 2279 3843; x_wconf 72' lang='lat' dir='ltr'><strong>dem</strong></span> <span class='ocrx_word' id='word_1_454' title='bbox 2311 3802 2408 3844; x_wconf 75' lang='grc'><strong>02.</strong></span> <span class='ocrx_word' id='word_1_455' title='bbox 2498 3801 2537 3855; x_wconf 77' lang='grc' dir='ltr'><strong>ε)</strong></span> <span class='ocrx_word' id='word_1_456' title='bbox 2570 3804 2682 3842; x_wconf 72' lang='lat' dir='ltr'><strong>dem</strong></span> <span class='ocrx_word' id='word_1_457' title='bbox 2713 3805 2815 3847; x_wconf 71' lang='grc' dir='ltr'><strong>ΡΙ.</strong></span> 
     </span>
     <span class='ocr_line' id='line_1_45' title="bbox 563 3850 2819 3913; baseline 0.005 -21"><span class='ocrx_word' id='word_1_458' title='bbox 563 3850 601 3903; x_wconf 84' lang='lat' dir='ltr'><strong>t)</strong></span> <span class='ocrx_word' id='word_1_459' title='bbox 628 3855 1064 3894; x_wconf 82' lang='lat' dir='ltr'><strong>Beneventanorum</strong></span> <span class='ocrx_word' id='word_1_460' title='bbox 1098 3853 1139 3893; x_wconf 90' lang='lat' dir='ltr'><strong>G</strong></span> <span class='ocrx_word' id='word_1_461' title='bbox 1171 3856 1209 3897; x_wconf 87' lang='lat'><strong>1.</strong></span> <span class='ocrx_word' id='word_1_462' title='bbox 1327 3857 1376 3911; x_wconf 89' lang='lat' dir='ltr'><strong>u)</strong></span> <span class='ocrx_word' id='word_1_463' title='bbox 1407 3860 1661 3908; x_wconf 74' lang='lat' dir='ltr'><strong>gerendum</strong></span> <span class='ocrx_word' id='word_1_464' title='bbox 1694 3860 1866 3912; x_wconf 80' lang='lat' dir='ltr'><strong>G8.4;</strong></span> <span class='ocrx_word' id='word_1_465' title='bbox 1896 3863 2097 3913; x_wconf 83' lang='lat' dir='ltr'><strong>populus</strong></span> <span class='ocrx_word' id='word_1_466' title='bbox 2128 3863 2181 3904; x_wconf 81' lang='lat' dir='ltr'><strong>R.</strong></span> <span class='ocrx_word' id='word_1_467' title='bbox 2216 3873 2256 3902; x_wconf 91' lang='lat' dir='ltr'><strong>e.</strong></span> <span class='ocrx_word' id='word_1_468' title='bbox 2290 3862 2436 3902; x_wconf 85' lang='lat' dir='ltr'><strong>fliium</strong></span> <span class='ocrx_word' id='word_1_469' title='bbox 2468 3864 2525 3902; x_wconf 86' lang='lat' dir='ltr'><strong>ad</strong></span> <span class='ocrx_word' id='word_1_470' title='bbox 2558 3864 2819 3911; x_wconf 75' lang='lat' dir='ltr'><strong>regendum</strong></span> 
     </span>
     <span class='ocr_line' id='line_1_46' title="bbox 569 3909 2816 3969; baseline 0.005 -17"><span class='ocrx_word' id='word_1_471' title='bbox 569 3921 619 3952; x_wconf 75' lang='lat' dir='ltr'><strong>se</strong></span> <span class='ocrx_word' id='word_1_472' title='bbox 652 3910 722 3964; x_wconf 85' lang='lat' dir='ltr'><strong>(se</strong></span> <span class='ocrx_word' id='word_1_473' title='bbox 755 3909 812 3963; x_wconf 89' lang='lat' dir='ltr'><strong>r.)</strong></span> <span class='ocrx_word' id='word_1_474' title='bbox 846 3910 1112 3952; x_wconf 82' lang='lat' dir='ltr'><strong>sublimavit</strong></span> <span class='ocrx_word' id='word_1_475' title='bbox 1144 3912 1195 3954; x_wconf 84' lang='lat'><strong>0.</strong></span> <span class='ocrx_word' id='word_1_476' title='bbox 1225 3915 1282 3954; x_wconf 89' lang='lat' dir='ltr'><strong>D.</strong></span> <span class='ocrx_word' id='word_1_477' title='bbox 1315 3917 1339 3955; x_wconf 95' lang='lat'>1</span> <span class='ocrx_word' id='word_1_478' title='bbox 1373 3918 1411 3959; x_wconf 90' lang='lat'><strong>1.</strong></span> <span class='ocrx_word' id='word_1_479' title='bbox 1564 3916 1612 3969; x_wconf 87' lang='lat' dir='ltr'><strong>v)</strong></span> <span class='ocrx_word' id='word_1_480' title='bbox 1647 3920 1770 3960; x_wconf 80' lang='lat' dir='ltr'><strong>cives</strong></span> <span class='ocrx_word' id='word_1_481' title='bbox 1816 3919 1857 3960; x_wconf 81' lang='lat' dir='ltr'>A</span> <span class='ocrx_word' id='word_1_482' title='bbox 1886 3918 1951 3962; x_wconf 76' lang='grc'><strong>’2.</strong></span> <span class='ocrx_word' id='word_1_483' title='bbox 1987 3923 2028 3962; x_wconf 89' lang='grc'><strong>2.</strong></span> <span class='ocrx_word' id='word_1_484' title='bbox 2060 3924 2103 3962; x_wconf 88' lang='grc'><strong>4.</strong></span> <span class='ocrx_word' id='word_1_485' title='bbox 2150 3923 2189 3962; x_wconf 85' lang='grc' dir='ltr'>Β</span> <span class='ocrx_word' id='word_1_486' title='bbox 2224 3922 2266 3961; x_wconf 82' lang='grc'><strong>2.</strong></span> <span class='ocrx_word' id='word_1_487' title='bbox 2298 3920 2333 3962; x_wconf 84' lang='lat' dir='ltr'>C</span> <span class='ocrx_word' id='word_1_488' title='bbox 2368 3922 2410 3964; x_wconf 89' lang='lat'><strong>1.</strong></span> <span class='ocrx_word' id='word_1_489' title='bbox 2438 3922 2512 3961; x_wconf 89' lang='lat' dir='ltr'><strong>4b.</strong></span> <span class='ocrx_word' id='word_1_490' title='bbox 2545 3921 2588 3960; x_wconf 92' lang='lat' dir='ltr'>D</span> <span class='ocrx_word' id='word_1_491' title='bbox 2625 3923 2665 3963; x_wconf 90' lang='lat'><strong>1.</strong></span> <span class='ocrx_word' id='word_1_492' title='bbox 2696 3923 2737 3963; x_wconf 82' lang='lat' dir='ltr'><strong>E</strong></span> <span class='ocrx_word' id='word_1_493' title='bbox 2775 3926 2816 3969; x_wconf 86' lang='lat'><strong>1.</strong></span> 
     </span>
    </p>
   </div>
   <div class='ocr_carea' id='block_1_7' title="bbox 566 3966 2822 4211">
    <p class='ocr_par' dir='ltr' id='par_1_9' title="bbox 566 3966 2822 4211">
     <span class='ocr_line' id='line_1_47' title="bbox 569 3966 2816 4030; baseline 0.007 -20"><span class='ocrx_word' id='word_1_494' title='bbox 569 3969 611 4010; x_wconf 97' lang='lat' dir='ltr'><strong>G</strong></span> <span class='ocrx_word' id='word_1_495' title='bbox 643 3973 685 4012; x_wconf 87' lang='lat'><strong>1.</strong></span> <span class='ocrx_word' id='word_1_496' title='bbox 720 3971 760 4009; x_wconf 81' lang='lat'><strong>2.</strong></span> <span class='ocrx_word' id='word_1_497' title='bbox 791 3966 854 4022; x_wconf 77' lang='lat'><strong>·3‚</strong></span> <span class='ocrx_word' id='word_1_498' title='bbox 900 3970 1016 4019; x_wconf 75' lang='lat' dir='ltr'><strong>quod</strong></span> <span class='ocrx_word' id='word_1_499' title='bbox 1060 3972 1165 4020; x_wconf 76' lang='lat' dir='ltr'><strong>quin</strong></span> <span class='ocrx_word' id='word_1_500' title='bbox 1209 3973 1257 4012; x_wconf 74' lang='lat' dir='ltr'><strong>in</strong></span> <span class='ocrx_word' id='word_1_501' title='bbox 1305 3977 1531 4026; x_wconf 72' lang='lat' dir='ltr'><strong>archetypo</strong></span> <span class='ocrx_word' id='word_1_502' title='bbox 1566 3977 1710 4025; x_wconf 57' lang='lat' dir='ltr'><strong>,snserit</strong></span> <span class='ocrx_word' id='word_1_503' title='bbox 1754 3980 1947 4019; x_wconf 75' lang='lat' dir='ltr'><strong>dubitari</strong></span> <span class='ocrx_word' id='word_1_504' title='bbox 1990 3981 2160 4030; x_wconf 76' lang='lat' dir='ltr'><strong>mquit3</strong></span> <span class='ocrx_word' id='word_1_505' title='bbox 2222 3981 2323 4020; x_wconf 82' lang='lat' dir='ltr'><strong>cive</strong></span> <span class='ocrx_word' id='word_1_506' title='bbox 2371 3980 2408 4019; x_wconf 75' lang='lat' dir='ltr'><strong>F</strong></span> <span class='ocrx_word' id='word_1_507' title='bbox 2442 3982 2496 4029; x_wconf 77' lang='lat'><strong>13</strong></span> <span class='ocrx_word' id='word_1_508' title='bbox 2558 3980 2654 4022; x_wconf 82' lang='lat' dir='ltr'><strong>dux</strong></span> <span class='ocrx_word' id='word_1_509' title='bbox 2700 3982 2739 4023; x_wconf 81' lang='lat' dir='ltr'>O</span> <span class='ocrx_word' id='word_1_510' title='bbox 2771 3987 2816 4025; x_wconf 82' lang='lat'><strong>1.</strong></span> 
     </span>
     <span class='ocr_line' id='line_1_48' title="bbox 566 4026 2822 4089; baseline 0.007 -22"><span class='ocrx_word' id='word_1_511' title='bbox 566 4026 1759 4083; x_wconf 59' lang='lat' dir='ltr'><strong>mimoA8.4.1·31.F1.111;hinel?5.1</strong></span> <span class='ocrx_word' id='word_1_512' title='bbox 1796 4040 1835 4077; x_wconf 91' lang='lat'><strong>1.</strong></span> <span class='ocrx_word' id='word_1_513' title='bbox 1871 4040 1920 4089; x_wconf 80' lang='lat'><strong>23</strong></span> <span class='ocrx_word' id='word_1_514' title='bbox 1968 4038 2435 4081; x_wconf 78' lang='lat' dir='ltr'><strong>deletumF4.G2.</strong></span> <span class='ocrx_word' id='word_1_515' title='bbox 2469 4040 2822 4089; x_wconf 49' lang='lat' dir='ltr'><strong>&amp;aee-cena.</strong></span> 
     </span>
     <span class='ocr_line' id='line_1_49' title="bbox 567 4085 2819 4150; baseline 0.007 -23"><span class='ocrx_word' id='word_1_516' title='bbox 567 4087 609 4127; x_wconf 89' lang='lat' dir='ltr'><strong>G</strong></span> <span class='ocrx_word' id='word_1_517' title='bbox 641 4087 767 4129; x_wconf 61' lang='lat' dir='ltr'><strong>fimo.</strong></span> <span class='ocrx_word' id='word_1_518' title='bbox 890 4085 938 4138; x_wconf 82' lang='lat' dir='ltr'><strong>x)</strong></span> <span class='ocrx_word' id='word_1_519' title='bbox 971 4088 1082 4126; x_wconf 68' lang='lat' dir='ltr'><strong>deest</strong></span> <span class='ocrx_word' id='word_1_520' title='bbox 1113 4089 1150 4127; x_wconf 75' lang='lat' dir='ltr'><strong>F</strong></span> <span class='ocrx_word' id='word_1_521' title='bbox 1185 4090 1224 4128; x_wconf 89' lang='lat'><strong>1.</strong></span> <span class='ocrx_word' id='word_1_522' title='bbox 1258 4089 1299 4130; x_wconf 89' lang='lat' dir='ltr'><strong>G</strong></span> <span class='ocrx_word' id='word_1_523' title='bbox 1331 4093 1456 4131; x_wconf 83' lang='grc'><strong>1-4-</strong></span> <span class='ocrx_word' id='word_1_524' title='bbox 1577 4092 1625 4147; x_wconf 86' lang='lat' dir='ltr'><strong>y)</strong></span> <span class='ocrx_word' id='word_1_525' title='bbox 1658 4096 1767 4135; x_wconf 68' lang='lat' dir='ltr'><strong>deese</strong></span> <span class='ocrx_word' id='word_1_526' title='bbox 1800 4097 1835 4137; x_wconf 86' lang='lat' dir='ltr'>C</span> <span class='ocrx_word' id='word_1_527' title='bbox 1869 4099 1907 4136; x_wconf 92' lang='lat'><strong>1.</strong></span> <span class='ocrx_word' id='word_1_528' title='bbox 1948 4099 1986 4137; x_wconf 84' lang='lat'><strong>2.</strong></span> <span class='ocrx_word' id='word_1_529' title='bbox 2123 4096 2166 4150; x_wconf 83' lang='lat' dir='ltr'><strong>z)</strong></span> <span class='ocrx_word' id='word_1_530' title='bbox 2199 4097 2428 4138; x_wconf 78' lang='lat' dir='ltr'><strong>habitacio</strong></span> <span class='ocrx_word' id='word_1_531' title='bbox 2459 4098 2506 4149; x_wconf 60' lang='lat' dir='ltr'><strong>F„</strong></span> <span class='ocrx_word' id='word_1_532' title='bbox 2530 4101 2571 4139; x_wconf 89' lang='lat'><strong>1.</strong></span> <span class='ocrx_word' id='word_1_533' title='bbox 2607 4099 2652 4140; x_wconf 84' lang='lat' dir='ltr'><strong>G</strong></span> <span class='ocrx_word' id='word_1_534' title='bbox 2685 4103 2819 4144; x_wconf 73' lang='lat'><strong>1—4.</strong></span> 
     </span>
     <span class='ocr_line' id='line_1_50' title="bbox 566 4144 2820 4211; baseline 0.008 -27"><span class='ocrx_word' id='word_1_535' title='bbox 566 4144 612 4197; x_wconf 93' lang='lat' dir='ltr'><strong>a)</strong></span> <span class='ocrx_word' id='word_1_536' title='bbox 644 4145 781 4187; x_wconf 74' lang='lat' dir='ltr'><strong>ieaA</strong></span> <span class='ocrx_word' id='word_1_537' title='bbox 815 4147 855 4187; x_wconf 91' lang='grc'><strong>2.</strong></span> <span class='ocrx_word' id='word_1_538' title='bbox 887 4146 932 4186; x_wconf 80' lang='lat'><strong>4.</strong></span> <span class='ocrx_word' id='word_1_539' title='bbox 964 4146 1001 4185; x_wconf 85' lang='grc' dir='ltr'><strong>Β</strong></span> <span class='ocrx_word' id='word_1_540' title='bbox 1035 4146 1075 4186; x_wconf 87' lang='grc'><strong>2.</strong></span> <span class='ocrx_word' id='word_1_541' title='bbox 1126 4147 1161 4189; x_wconf 85' lang='lat' dir='ltr'>C</span> <span class='ocrx_word' id='word_1_542' title='bbox 1196 4149 1235 4188; x_wconf 92' lang='lat'><strong>1.</strong></span> <span class='ocrx_word' id='word_1_543' title='bbox 1283 4150 1322 4189; x_wconf 80' lang='lat' dir='ltr'>E</span> <span class='ocrx_word' id='word_1_544' title='bbox 1358 4152 1400 4190; x_wconf 91' lang='lat'><strong>1.</strong></span> <span class='ocrx_word' id='word_1_545' title='bbox 1451 4151 1493 4191; x_wconf 88' lang='lat' dir='ltr'><strong>G</strong></span> <span class='ocrx_word' id='word_1_546' title='bbox 1525 4153 1737 4202; x_wconf 75' lang='lat' dir='ltr'><strong>331ugu</strong></span> <span class='ocrx_word' id='word_1_547' title='bbox 1769 4154 1807 4194; x_wconf 78' lang='lat' dir='ltr'>A</span> <span class='ocrx_word' id='word_1_548' title='bbox 1841 4152 1901 4195; x_wconf 78' lang='lat'><strong>⁶2.</strong></span> <span class='ocrx_word' id='word_1_549' title='bbox 1946 4156 1984 4196; x_wconf 66' lang='lat'><strong>1⁴*</strong></span> <span class='ocrx_word' id='word_1_550' title='bbox 2017 4158 2057 4197; x_wconf 90' lang='lat'><strong>1.</strong></span> <span class='ocrx_word' id='word_1_551' title='bbox 2108 4155 2149 4197; x_wconf 90' lang='lat' dir='ltr'><strong>G</strong></span> <span class='ocrx_word' id='word_1_552' title='bbox 2181 4159 2223 4198; x_wconf 91' lang='lat'><strong>1.</strong></span> <span class='ocrx_word' id='word_1_553' title='bbox 2256 4155 2317 4209; x_wconf 79' lang='lat'><strong>‘8‚</strong></span> <span class='ocrx_word' id='word_1_554' title='bbox 2359 4168 2472 4198; x_wconf 76' lang='lat' dir='ltr'><strong>corr.</strong></span> <span class='ocrx_word' id='word_1_555' title='bbox 2520 4157 2632 4206; x_wconf 69' lang='lat' dir='ltr'><strong>ingo</strong></span> <span class='ocrx_word' id='word_1_556' title='bbox 2679 4160 2726 4200; x_wconf 87' lang='lat' dir='ltr'>D</span> <span class='ocrx_word' id='word_1_557' title='bbox 2763 4162 2820 4211; x_wconf 77' lang='lat'><strong>13</strong></span> 
     </span>
    </p>
   </div>
   <div class='ocr_carea' id='block_1_8' title="bbox 564 4203 2817 4317">
    <p class='ocr_par' dir='ltr' id='par_1_10' title="bbox 564 4203 2817 4317">
     <span class='ocr_line' id='line_1_51' title="bbox 564 4203 2817 4266; baseline 0.008 -24"><span class='ocrx_word' id='word_1_558' title='bbox 564 4205 684 4251; x_wconf 75' lang='lat' dir='ltr'><strong>iugii</strong></span> <span class='ocrx_word' id='word_1_559' title='bbox 714 4203 756 4245; x_wconf 91' lang='lat' dir='ltr'><strong>G</strong></span> <span class='ocrx_word' id='word_1_560' title='bbox 787 4206 838 4255; x_wconf 76' lang='lat'><strong>23</strong></span> <span class='ocrx_word' id='word_1_561' title='bbox 869 4206 984 4253; x_wconf 74' lang='lat' dir='ltr'><strong>iugo</strong></span> <span class='ocrx_word' id='word_1_562' title='bbox 1015 4207 1166 4256; x_wconf 73' lang='lat' dir='ltr'><strong>ceteri3</strong></span> <span class='ocrx_word' id='word_1_563' title='bbox 1197 4207 1246 4246; x_wconf 76' lang='lat' dir='ltr'><strong>in</strong></span> <span class='ocrx_word' id='word_1_564' title='bbox 1275 4210 1500 4260; x_wconf 74' lang='lat' dir='ltr'><strong>archetypo</strong></span> <span class='ocrx_word' id='word_1_565' title='bbox 1532 4211 1643 4261; x_wconf 75' lang='lat' dir='ltr'><strong>iugu</strong></span> <span class='ocrx_word' id='word_1_566' title='bbox 1664 4213 1809 4261; x_wconf 70' lang='lat' dir='ltr'><strong>suine</strong></span> <span class='ocrx_word' id='word_1_567' title='bbox 1838 4215 2017 4255; x_wconf 76' lang='lat' dir='ltr'><strong>videtur.</strong></span> <span class='ocrx_word' id='word_1_568' title='bbox 2150 4213 2199 4266; x_wconf 87' lang='lat' dir='ltr'><strong>b)</strong></span> <span class='ocrx_word' id='word_1_569' title='bbox 2232 4219 2353 4256; x_wconf 83' lang='lat' dir='ltr'><strong>statu</strong></span> <span class='ocrx_word' id='word_1_570' title='bbox 2382 4217 2420 4257; x_wconf 79' lang='grc' dir='ltr'>Ε</span> <span class='ocrx_word' id='word_1_571' title='bbox 2456 4218 2495 4258; x_wconf 92' lang='grc'><strong>1.</strong></span> <span class='ocrx_word' id='word_1_572' title='bbox 2523 4217 2562 4256; x_wconf 74' lang='grc' dir='ltr'>Ρ</span> <span class='ocrx_word' id='word_1_573' title='bbox 2594 4218 2639 4259; x_wconf 88' lang='lat'><strong>5.</strong></span> <span class='ocrx_word' id='word_1_574' title='bbox 2676 4241 2733 4250; x_wconf 86' lang='lat'><strong>—·</strong></span> <span class='ocrx_word' id='word_1_575' title='bbox 2767 4220 2817 4259; x_wconf 91' lang='lat' dir='ltr'><strong>in</strong></span> 
     </span>
     <span class='ocr_line' id='line_1_52' title="bbox 566 4263 1813 4317; baseline 0.009 -15"><span class='ocrx_word' id='word_1_576' title='bbox 566 4273 656 4311; x_wconf 87' lang='lat' dir='ltr'><strong>quo</strong></span> <span class='ocrx_word' id='word_1_577' title='bbox 687 4263 729 4303; x_wconf 83' lang='lat' dir='ltr'>A</span> <span class='ocrx_word' id='word_1_578' title='bbox 760 4264 814 4313; x_wconf 75' lang='lat'><strong>23</strong></span> <span class='ocrx_word' id='word_1_579' title='bbox 847 4265 927 4313; x_wconf 88' lang='lat' dir='ltr'><strong>qui</strong></span> <span class='ocrx_word' id='word_1_580' title='bbox 958 4265 1012 4304; x_wconf 80' lang='lat' dir='ltr'><strong>F.</strong></span> <span class='ocrx_word' id='word_1_581' title='bbox 1046 4263 1101 4304; x_wconf 93' lang='lat' dir='ltr'><strong>G.</strong></span> <span class='ocrx_word' id='word_1_582' title='bbox 1224 4264 1267 4317; x_wconf 91' lang='lat' dir='ltr'><strong>c)</strong></span> <span class='ocrx_word' id='word_1_583' title='bbox 1299 4267 1435 4309; x_wconf 82' lang='lat' dir='ltr'><strong>Hunc</strong></span> <span class='ocrx_word' id='word_1_584' title='bbox 1464 4270 1503 4309; x_wconf 74' lang='grc' dir='ltr'>Ρ</span> <span class='ocrx_word' id='word_1_585' title='bbox 1538 4272 1577 4309; x_wconf 91' lang='lat'><strong>1.</strong></span> <span class='ocrx_word' id='word_1_586' title='bbox 1615 4271 1656 4311; x_wconf 87' lang='lat' dir='ltr'><strong>G</strong></span> <span class='ocrx_word' id='word_1_587' title='bbox 1690 4274 1813 4314; x_wconf 91' lang='lat'><strong>1—4.</strong></span> 
     </span>
    </p>
   </div>
   <div class='ocr_carea' id='block_1_9' title="bbox 565 4354 2818 4490">
    <p class='ocr_par' dir='ltr' id='par_1_11' title="bbox 565 4354 2818 4490">
     <span class='ocr_line' id='line_1_53' title="bbox 570 4354 2818 4439; baseline 0.009 -34"><span class='ocrx_word' id='word_1_588' title='bbox 570 4354 627 4439; x_wconf 73' lang='grc'><strong>1)</strong></span> <span class='ocrx_word' id='word_1_589' title='bbox 668 4355 748 4423; x_wconf 79' lang='lat' dir='ltr'><strong>Of.</strong></span> <span class='ocrx_word' id='word_1_590' title='bbox 786 4355 894 4409; x_wconf 84' lang='lat' dir='ltr'><strong>Leo</strong></span> <span class='ocrx_word' id='word_1_591' title='bbox 922 4356 1047 4439; x_wconf 64' lang='grc' dir='ltr'><strong>Ὀει.</strong></span> <span class='ocrx_word' id='word_1_592' title='bbox 1086 4357 1134 4420; x_wconf 87' lang='grc' dir='ltr'><strong>Ι,</strong></span> <span class='ocrx_word' id='word_1_593' title='bbox 1172 4360 1225 4421; x_wconf 88' lang='lat'><strong>4,</strong></span> <span class='ocrx_word' id='word_1_594' title='bbox 1284 4360 1383 4414; x_wconf 78' lang='lat' dir='ltr'><strong>SS.</strong></span> <span class='ocrx_word' id='word_1_595' title='bbox 1437 4363 1562 4426; x_wconf 86' lang='lat' dir='ltr'><strong>VII,</strong></span> <span class='ocrx_word' id='word_1_596' title='bbox 1611 4382 1674 4430; x_wconf 82' lang='lat' dir='ltr'><strong>p.</strong></span> <span class='ocrx_word' id='word_1_597' title='bbox 1718 4366 1843 4431; x_wconf 83' lang='lat'><strong>581,</strong></span> <span class='ocrx_word' id='word_1_598' title='bbox 1903 4375 1951 4420; x_wconf 82' lang='lat' dir='ltr'><strong>et</strong></span> <span class='ocrx_word' id='word_1_599' title='bbox 1998 4386 2136 4434; x_wconf 78' lang='lat' dir='ltr'><strong>quae</strong></span> <span class='ocrx_word' id='word_1_600' title='bbox 2193 4369 2267 4421; x_wconf 78' lang='lat' dir='ltr'><strong>ibi</strong></span> <span class='ocrx_word' id='word_1_601' title='bbox 2329 4370 2591 4421; x_wconf 77' lang='lat' dir='ltr'><strong>adnotata</strong></span> <span class='ocrx_word' id='word_1_602' title='bbox 2649 4380 2818 4438; x_wconf 74' lang='lat' dir='ltr'><strong>eunt,-</strong></span> 
     </span>
     <span class='ocr_line' id='line_1_54' title="bbox 565 4430 1727 4490; baseline 0.011 -13"><span class='ocrx_word' id='word_1_603' title='bbox 565 4433 704 4479; x_wconf 74' lang='lat' dir='ltr'><strong>mter</strong></span> <span class='ocrx_word' id='word_1_604' title='bbox 738 4436 1050 4480; x_wconf 75' lang='lat' dir='ltr'><strong>reecntwree</strong></span> <span class='ocrx_word' id='word_1_605' title='bbox 1086 4430 1227 4482; x_wconf 71' lang='lat' dir='ltr'><strong>Tosti</strong></span> <span class='ocrx_word' id='word_1_606' title='bbox 1263 4433 1538 4486; x_wconf 68' lang='lat' dir='ltr'><strong>historiam</strong></span> <span class='ocrx_word' id='word_1_607' title='bbox 1578 4435 1727 4490; x_wconf 72' lang='lat' dir='ltr'><strong>Gaas.</strong></span> 
     </span>
    </p>
   </div>
  </div>
 </body>
</html>
