3042 4909
669 392 776 441 234
972 389 1194 440 PAULI
1231 387 1580 440 HISTORIA
1617 386 2289 440 LANGOBARDORUM.
2365 388 2512 439 LIB.
2549 389 2645 440 VI.

668 556 1153 645 pestilentiaque
1182 556 1479 640 perirent,
1516 575 1595 617 ac
1624 555 1755 618 sic⁸
1782 555 2061 639 pertaesi
2090 553 2440 618 obsidionis
2468 553 2914 619 abscederent.

671 644 801 724 Qui
841 642 992 706 inde
1022 640 1281 725 egressi,
1318 637 1716 723 Vulgarumb
1760 648 2036 722 gentem,
2082 650 2276 725 quae⁰
2318 649 2416 703 est
2456 660 2655 724 super
2681 638 2911 701 Danu·

670 726 881 807 bium,
933 722 1100 790 bello
1142 722 1632 807 adgrediuntur3
1689 732 1753 785 et
1793 722 1877 786 ab
1919 721 2040 785 hac
2088 743 2342 808 quoque
2392 723 2569 804 victi,
2618 722 2705 786 ad
2765 743 2916 786 suas

670 832 865 876 naves
906 808 1249 892 refugiunt.
1336 805 1606 888 Quibus,
1654 827 1798 869 cum
1842 803 2082 869 altumd
2124 814 2430 890 peterent,
2473 807 2773 870 inruente
2818 828 2917 869 su-

669 896 806 960 bita
845 899 1242 977 tempestate,
1285 889 1545 976 plurimi
1562 901 1586 932 0
1630 891 1825 953 etiam
1868 889 2096 954 mersi?
2136 891 2271 954 sive
2314 891 2601 954 contritis
2642 888 2920 953 navibus
2991 898 2992 955 ὲ

718 981 1013 1043 erierunt.
1113 975 1310 1063 [Intra
1322 975 1372 1075 8]
1435 972 2085 1059 Constantinopolim¹
2139 996 2294 1038 vero
2310 975 2338 1015 ¹¹
2396 982 2684 1038 trecenta
2739 972 2919 1036 milia
2991 976 2992 1021 f

719 1064 1002 1126 ominum
1095 1058 1408 1123 estilentla
1447 1059 1841 1122 interierunt.

838 1145 941 1209 48.
1084 1142 1386 1241 iutprand
1403 1153 1427 1187 ²
1460 1142 1744 1227 quoque¹
1775 1140 2059 1223 audienS,
2119 1142 2292 1226 quod
2323 1140 2682 1221 Sarraceni,
2724 1140 2919 1225 depo·

672 1228 892 1316 pulata
937 1227 1251 1306 Sardinia,
1301 1227 1493 1290 etiam
1540 1226 1679 1289 loca
1719 1222 1846 1305 illa,
1904 1222 2019 1288 ubi
2076 1246 2222 1289 ossa
2265 1226 2468 1288 sancti
2516 1225 2624 1288 Au
2754 1225 2918 1287 tini*

674 1313 962 1400 episcopi
1004 1320 1268 1397 propter
1322 1311 1744 1375 vastationem
1798 1307 2218 1372 barbarorum
2263 1308 2413 1372 olim
2469 1317 2646 1373 trans
2670 1309 2815 1371 ata¹
2862 1320 2922 1372 et
2991 1368 2992 1371 ,

673 1396 1015 1460 honorifice
1072 1395 1325 1459 fuerant
1375 1391 1650 1474 condita,
1700 1390 2051 1473 foedarent,
2108 1393 2301 1471 misit,
2357 1403 2420 1458 et
2473 1393 2625 1456 dato
2681 1412 2920 1476 magno
2991 1442 2992 1445 η

674 1481 900 1565 preti0,
957 1480 1208 1563 accepit
1229 1488 1292 1542 et
1329 1475 1650 1542 transtulit
1691 1487 1826 1539 eam
1868 1476 1937 1538 in
1976 1474 2203 1540 urbem
2247 1477 2651 1540 Ticinensem
2694 1476 2792 1540 ibi
2844 1498 2920 1539 ue
2991 1504 2992 1563 3

676 1583 824 1626 cum
863 1562 1078 1627 debito
1116 1570 1293 1626 tanto
1307 1574 1336 1604 ¹¹
1377 1561 1548 1647 patri
1584 1559 1825 1623 honore
1853 1559 2230 1624 recondidit.
2294 1560 2416 1624 His
2432 1572 2457 1602 ⁰
2487 1559 2717 1624 diebus
2829 1582 2922 1623 ar·
2991 1580 2992 1613 z

675 1649 784 1710 nia
792 1659 838 1700 Ρ·
856 1656 879 1692 ³
926 1647 1148 1711 civitas
1192 1667 1231 1708 a
1271 1643 1716 1729 Langobardis
1758 1664 2031 1728 pervasa
2072 1653 2185 1708 est.

842 1731 945 1794 49.
1030 1729 1300 1814 quue‘l
1344 1738 1633 1813 tempore
1675 1749 1793 1791 rex
1809 1739 1834 1773 ³
1879 1725 2311 1826 Liutprandus
2355 1728 2768 1792 Ravennam‘
2818 1727 2924 1792 ob-

679 1812 862 1896 sedit,
908 1810 1196 1876 Classem
1236 1813 1473 1877 invasit
1520 1821 1713 1896 atque
1771 1810 2104 1876 destruxit.
2191 1812 2374 1875 Tunc
2430 1809 2670 1876 Paulus
2725 1813 2924 1896 patri·

680 1898 819 1961 cius
880 1920 963 1961 ex
1016 1897 1325 1962 Ravenna
1339 1908 1362 1939 ³
1426 1896 1602 1959 misit
1664 1896 1774 1980 qui
1835 1896 2202 1978 pontificem
2268 1896 2755 1977 interemerent;
2817 1895 2926 1960 sed

677 1979 1123 2080 Langobardis
1224 2002 1296 2044 ro
1354 1978 1752 2044 defensionet
1822 1979 2139 2063 pontificis
2190 1979 2719 2064 repugnantibus,
2766 1978 2928 2066 Spo-

678 2064 928 2129 letims¹¹
983 2067 1051 2128 in
1096 2063 1184 2129 Sa
1207 2065 1341 2128 ario
1395 2073 1634 2150 pontev
1688 2071 1753 2127 et
1809 2084 1893 2125 ex
1944 2061 2084 2126 aliis
2138 2062 2426 2148 partibus
2477 2061 2928 2147 Langobardis

679 2150 907 2213 Tuscis
993 2147 1434 2213 resistentibus
1451 2196 1467 2229 ,
1555 2144 1888 2211 consilium
1958 2147 2468 2211 Ravennantium
2539 2146 2928 2232 dissipatum

679 2242 794 2298 est.
880 2232 1070 2296 Hacw
1112 2241 1490 2317 tempestate
1533 2231 1668 2295 Leo
1712 2232 2063 2315 imperator
2103 2254 2143 2294 a
2191 2239 2263 2295 ut
2305 2229 2928 2317 Constantinopolim

678 2326 1043 2381 sanctorum
1092 2317 1406 2401 imagines
1452 2315 1776 2414 depositas
1818 2313 2104 2379 incendit
2203 2334 2557 2399 omanoque
2587 2315 2928 2399 pontifici¹

679 2399 911 2464 similia
951 2398 1182 2481 facere,
1226 2401 1282 2463 si
1321 2397 1720 2484 impemalem
1763 2399 2034 2483 gratiam
2066 2397 2301 2463 habere
2327 2396 2534 2479 vellet,
2576 2398 2929 2462 mandavit.

678 2484 809 2550 Sed
851 2483 1143 2569 pontifex
1182 2482 1302 2547 hoc
1358 2483 1567 2547 facere
1611 2491 1859 2547 contem
1909 2484 2009 2547 sit.
2096 2482 2323 2547 Omnis
2381 2503 2636 2567 quoque
2677 2481 2932 2546 Raven-
2991 2500 2992 2503 ’

674 2591 796 2632 nae
854 2569 1172 2632 exercitus
1200 2566 1304 2632 vel
1345 2567 1761 2631 Venetiarum
1802 2576 1869 2630 ta
1892 2566 2039 2631 ibus
2077 2567 2266 2630 iussis
2282 2578 2314 2620 Y
2344 2588 2472 2629 uno
2500 2566 2719 2629 animo
2748 2568 2931 2631 resti-

677 2662 907 2733 terunt,
954 2661 1017 2716 et
1058 2653 1182 2715 nisi
1219 2672 1328 2715 eos
1384 2649 1678 2737 pontifex
1728 2650 2177 2734 prohibuisset,
2221 2651 2312 2713 im
2359 2661 2672 2714 eratorem
2734 2672 2932 2735 super
2991 2654 2992 2673 ¹

679 2757 746 2800 se
791 2737 1172 2800 constituere
1188 2746 1212 2777 2
1244 2745 1391 2799 sunt
1431 2734 1736 2819 adgressi.
1820 2735 1965 2798 Rex
1980 2744 2007 2776 ἃ
2030 2756 2284 2832 quoque
2310 2672 2674 2819 {iutprand
2720 2744 2930 2798 castra

678 2817 970 2900 Emiliae,
1013 2820 1442 2883 Feronianum
1457 2819 1485 2861 ¹³
1530 2828 1594 2882 et
1621 2815 2167 2883 Montembelhum
2188 2830 2230 2900 ⁰,
2274 2819 2528 2882 Buxeta
2569 2817 2680 2881 ct*¹
2722 2819 2930 2882 Persi-

680 2978 726 3031 a)
756 2981 796 3020 si
826 2980 869 3020 A
902 2982 941 3023 2.
971 2981 1010 3021 Β
1045 2982 1086 3020 1.
1116 2981 1154 3019 F
1185 2980 1228 3022 4.
1281 2980 1321 3020 G
1354 2981 1409 3030 ὃς
1457 2982 1529 3022 sia
1573 2980 1616 3021 A
1648 2976 1720 3032 ‘23
1767 2983 1807 3021 si
1839 2986 1996 3031 aperte
2028 2991 2110 3021 sue
2141 2991 2184 3020 o.
2229 2981 2267 3020 B
2303 2981 2355 3030 23
2401 2980 2555 3032 sicpte
2585 2989 2629 3019 o.
2677 2979 2716 3020 C
2751 2983 2799 3030 13
2849 2991 2929 3031 per

679 3043 860 3089 tempus
891 3040 915 3078 1
949 3041 990 3079 1.
1079 3037 1128 3090 b)
1158 3039 1466 3087 vulgarorum
1498 3038 1541 3079 G
1572 3041 1611 3079 1.
1646 3041 1695 3089 23
1741 3040 2060 3088 Vulganorum
2095 3039 2137 3080 G
2166 3036 2239 3087 ‘33
2283 3040 2540 3080 vulnerum
2572 3037 2674 3078 G4.
2771 3038 2817 3090 c)
2854 3040 2926 3089 qui

680 3099 717 3137 F
753 3102 790 3138 1.
827 3098 869 3139 G
903 3099 1031 3137 1-4.
1149 3095 1196 3148 d)
1230 3099 1325 3138 alto
1357 3099 1393 3137 F
1428 3100 1471 3138 1.
1608 3097 1652 3151 e)
1684 3098 1896 3148 plurimis
1926 3100 1964 3138 F
1995 3099 2038 3139 4.
2074 3098 2128 3140 G.
2159 3099 2203 3138 Η
2238 3101 2277 3139 1.
2309 3099 2332 3138 1
2365 3100 2405 3138 2.
2542 3095 2580 3148 f)
2612 3097 2678 3136 ita
2709 3097 2756 3137 A
2787 3099 2833 3138 2.
2869 3099 2927 3138 ’2.

679 3158 718 3197 Β
755 3158 796 3199 2.
842 3157 885 3196 D
921 3159 961 3208 2,
1007 3157 1123 3206 quod
1160 3156 1352 3208 proxime
1381 3158 1441 3196 ad
1470 3157 1633 3196 Beatam
1663 3158 1832 3208 medie,
1865 3158 1943 3207 qm·
1970 3158 2120 3197 habet:
2154 3158 2295 3197 mersi
2324 3158 2423 3197 sive
2455 3155 2710 3197 confractis
2743 3168 2789 3198 n.
2825 3160 2929 3198 suut

682 3217 865 3266 necati3
911 3216 1053 3256 mersi
1088 3238 1140 3246 —
1173 3216 1420 3255 contrititis
1451 3214 1491 3254 A
1521 3217 1579 3265 43
1625 3217 1856 3256 mersisibi
1885 3217 1927 3256 A
1964 3218 2012 3266 ις
2054 3217 2285 3256 mersisibi
2318 3217 2501 3256 contriti
2531 3226 2577 3255 n.
2608 3216 2646 3254 F
2682 3217 2733 3265 13
2764 3218 2930 3257 mersis

682 3276 748 3317 ibi
779 3276 1081 3324 contritisque
1112 3275 1149 3314 Ρ
1180 3277 1223 3315 4.
1257 3274 1299 3316 G
1330 3273 1703 3327 (constrictisque
1736 3275 1777 3315 G
1806 3273 1880 3326 4);
1927 3276 2088 3315 mersis
2119 3277 2220 3317 sive
2252 3276 2461 3315 contritis
2496 3275 2699 3324 plerique
2730 3276 2789 3315 D.
2825 3277 2850 3316 1
2884 3279 2931 3326 ις

680 3336 826 3376 versis
858 3336 955 3374 sive
988 3334 1196 3374 contritis
1229 3333 1264 3374 O
1297 3336 1335 3375 1.
1369 3335 1410 3374 2.
1440 3334 1516 3374 4b.
1548 3335 1592 3373 D
1626 3335 1675 3383 13
1706 3335 1853 3374 versis
1883 3335 1973 3374 sibi
2005 3335 2212 3374 contritis
2246 3335 2281 3374 n
2315 3336 2353 3376 1.
2474 3331 2523 3385 g)
2554 3334 2665 3372 deest
2697 3332 2804 3376 Al.
2837 3336 2930 3376 Fi.

679 3392 729 3445 h)
761 3399 859 3444 post
889 3393 1048 3433 add.G
1068 3394 1109 3432 1.
1186 3391 1221 3444 i)
1254 3404 1366 3433 vero
1398 3392 1451 3434 Ο.
1483 3394 1543 3434 D.
1620 3390 1670 3443 k)
1702 3393 1951 3442 AugustiF
1984 3395 2035 3441 13
2068 3393 2283 3442 Agustini
2315 3392 2357 3434 G
2388 3394 2499 3434 1.-
2519 3393 2670 3432 sancti
2702 3394 2929 3435 demAS.

680 3451 714 3504 l)
747 3448 1019 3492 translatam
1048 3453 1144 3491 ΡΙ.
1180 3473 1232 3481 -
1267 3456 1313 3491 et
1341 3452 1453 3491 deest
1482 3453 1537 3492 F.
1572 3450 1628 3492 G.
1659 3452 1741 3491 12.
1833 3451 1896 3503 m)
1932 3462 2034 3492 eam
2067 3452 2106 3491 A
2137 3453 2177 3491 2.
2213 3451 2311 3493 Gl.
2345 3453 2386 3493 2.
2405 3448 2467 3493 ⁶3.
2560 3449 2611 3502 ιι)
2644 3454 2781 3492 tants
2815 3453 2860 3492 A
2892 3455 2931 3496 1.

684 3508 745 3553 ’2.
783 3513 820 3552 2.
869 3512 906 3552 F
941 3513 988 3560 13
1035 3511 1154 3550 tanti
1197 3511 1341 3560 patris
1386 3512 1428 3551 A
1459 3506 1523 3552 ‘3.
1557 3510 1602 3550 3.
1635 3511 1678 3551 4.
1728 3511 1767 3550 Β
1804 3512 1845 3552 2.
1895 3510 1930 3551 Ο
1964 3513 2003 3550 1.
2038 3511 2078 3551 2.
2126 3512 2170 3550 D
2205 3513 2246 3552 2.
2294 3511 2338 3550 Η
2370 3513 2418 3560 1;
2465 3512 2583 3550 tanti
2628 3514 2767 3560 patre
2815 3513 2857 3551 E
2891 3515 2930 3553 1.

684 3568 730 3621 o)
761 3571 847 3610 His
881 3591 933 3602 -
967 3573 1037 3609 est
1067 3570 1153 3610 dee.
1186 3569 1228 3608 A
1260 3566 1321 3609 ’2.
1354 3571 1392 3610 Β
1427 3570 1470 3608 4.
1611 3566 1661 3620 p)
1692 3570 1836 3609 Naris.
1859 3569 1901 3608 A
1935 3571 1975 3608 1.
2012 3571 2053 3610 2.
2084 3571 2123 3609 Β
2159 3572 2201 3610 1.
2237 3569 2272 3609 C
2306 3571 2345 3608 1.
2381 3570 2421 3610 2.
2454 3569 2492 3609 Ρ
2525 3569 2566 3620 5,
2598 3580 2719 3608 corr.
2750 3571 2929 3611 Narnia

682 3630 725 3667 D
761 3630 800 3668 1.
832 3629 869 3667 F
903 3629 954 3678 13
997 3628 1198 3669 Narnias
1227 3629 1265 3667 Ε
1300 3630 1349 3677 13
1395 3628 1553 3668 Nsrua
1582 3628 1626 3667 Η
1659 3630 1707 3677 1;
1753 3629 1932 3668 Nax-ina
1960 3629 1997 3667 F
2027 3629 2070 3668 4.
2107 3627 2147 3669 G
2180 3628 2311 3681 (corr.
2343 3628 2491 3678 Papia
2524 3627 2566 3668 G
2594 3626 2657 3680 4).
2694 3629 2719 3668 1
2754 3631 2806 3679 23
2840 3631 2930 3669 Ms-

685 3688 789 3727 rina
822 3686 863 3726 G
888 3686 957 3726 50.
1107 3685 1154 3737 q)
1186 3688 1256 3727 Eo
1288 3697 1473 3736 quoque
1523 3686 1558 3727 G
1591 3689 1630 3727 1.
1668 3688 1710 3729 2.
1755 3688 1793 3727 Β
1826 3689 1870 3729 4.
1916 3688 1940 3726 1
1974 3689 2024 3737 13
2074 3688 2141 3726 Eo
2173 3687 2215 3727 A
2244 3684 2311 3727 ’2.
2342 3689 2381 3728 Β
2417 3687 2457 3727 2.
2488 3689 2531 3726 D
2564 3686 2673 3739 (hoc
2705 3689 2748 3726 D
2783 3688 2849 3740 2).
2879 3689 2926 3728 Β.

682 3746 737 3784 F.
773 3744 815 3785 G
858 3743 944 3797 (Eo
976 3748 1342 3795 tempotempore
1391 3744 1433 3786 G
1465 3743 1537 3797 1);
1585 3746 1761 3786 Eodem
1806 3745 1849 3785 A
1883 3747 1923 3787 2.
1974 3746 2015 3786 G
2045 3746 2086 3787 5.
2132 3747 2176 3786 Η
2210 3748 2250 3786 1.
2402 3748 2445 3792 r)
2475 3745 2706 3786 Ravenna
2739 3746 2781 3787 G
2817 3749 2860 3788 1.
2891 3748 2928 3787 2.

684 3801 724 3853 s)
756 3803 1026 3844 Ravennam
1074 3805 1111 3843 F
1147 3807 1184 3844 1.
1219 3804 1259 3844 G
1293 3806 1332 3844 1.
1369 3805 1409 3844 2.
1558 3803 1595 3854 t)
1624 3805 1944 3845 defensionem
1975 3806 2011 3844 F
2047 3807 2086 3846 1.
2237 3801 2287 3856 u)
2318 3804 2383 3844 ita
2412 3806 2490 3844 hoc
2519 3805 2611 3844 loco
2643 3805 2685 3844 A
2722 3807 2763 3846 1.
2801 3806 2846 3846 G
2878 3807 2925 3847 13
2991 3838 2992 3845 ,

685 3861 938 3913 Spoletinis
968 3863 1006 3902 F
1040 3864 1078 3902 1.
1116 3862 1157 3903 G
1191 3865 1242 3912 23
1274 3862 1509 3912 Spolentis
1545 3862 1659 3913 G43
1692 3863 1947 3914 Spolitanis
1978 3864 2043 3903 vel
2072 3863 2336 3913 spoletanis
2366 3864 2460 3903 alii.
2578 3861 2628 3915 v)
2662 3874 2794 3914 pona
2826 3865 2863 3905 F
2882 3865 2923 3909 1;

684 3931 853 3971 ponam
887 3920 928 3961 G
961 3923 1009 3970 13
1057 3931 1243 3970 pomam
1277 3921 1318 3962 G
1353 3922 1402 3969 23
1433 3922 1598 3971 positis
1647 3922 1689 3963 G
1719 3922 1798 3970 5ος
1845 3933 2019 3962 erasum
2052 3922 2093 3963 G
2123 3923 2167 3962 4.
2319 3920 2380 3973 w)
2413 3922 2515 3962 Hoc
2559 3922 2598 3961 13·
2633 3925 2673 3963 1.
2729 3924 2772 3964 G
2805 3926 2849 3964 1.
2883 3925 2917 3963 2.

686 3977 735 4029 x)
765 3979 984 4029 pontifice
1015 3979 1052 4018 1⁴*
1087 3981 1129 4019 1.
1250 3977 1297 4030 y)
1332 3981 1427 4019 usis
1457 3979 1502 4019 A
1534 3983 1557 4021 1
1594 3980 1705 4034 (alia
1734 3992 1869 4021 manu
1898 3993 2013 4022 corr.
2048 3978 2219 4033 iussis).
2249 3979 2312 4021 '2.
2347 3982 2387 4023 2.
2419 3982 2459 4021 Β
2488 3982 2529 4021 2.
2560 3981 2605 4021 D
2640 3983 2680 4024 1.
2714 3983 2752 4024 F
2786 3985 2831 4025 1.
2864 3980 2920 4029 G;

685 4038 757 4077 usi
786 4039 829 4076 D
863 4039 911 4087 23
941 4038 1054 4077 lusis
1088 4037 1130 4079 G
1162 4039 1203 4078 1.
1235 4038 1272 4076 F
1308 4039 1347 4077 2.
1382 4037 1424 4078 G
1454 4035 1501 4078 ⁸8
1534 4050 1555 4079 e
1584 4051 1726 4089 συντ-,ς
1760 4041 1885 4080 ausis
1916 4042 1959 4079 D
1996 4041 2038 4083 3.
2190 4039 2233 4093 z)
2271 4041 2573 4081 constitueret
2603 4040 2641 4080 1⁴*
2676 4043 2728 4091 13
2762 4042 2918 4082 consti-

685 4099 893 4136 tueretur
924 4095 965 4137 G
994 4098 1034 4137 1.
1070 4099 1113 4138 2.
1148 4093 1209 4136 ⁸3.
1246 4119 1298 4127 —
1329 4101 1434 4136 sunt
1464 4097 1577 4137 deest
1606 4099 1658 4139 F.
1695 4099 1734 4138 G
1767 4099 1880 4151 (poet
1908 4101 2050 4149 suppl.
2086 4098 2128 4139 G
2161 4098 2220 4152 1).
2313 4096 2359 4151 a)
2390 4110 2551 4138 novum
2579 4100 2667 4141 inc.
2701 4112 2799 4152 cap.
2832 4102 2917 4140 ri.

685 4152 732 4204 b)
764 4155 935 4195 Foron.
966 4156 989 4195 1
1008 4156 1046 4195 1.
1124 4153 1167 4206 c)
1200 4155 1599 4197 Montemvellium
1630 4158 1667 4197 A
1688 4159 1726 4199 2.
1760 4154 1830 4207 ‘33
1860 4158 2241 4199 Montembellum
2272 4159 2315 4199 A
2346 4159 2388 4197 3.
2465 4156 2511 4210 d)
2545 4160 2592 4199 et
2608 4160 2664 4201 Ρ.
2680 4161 2771 4204 dee.
2805 4160 2919 4201 (3512.

691 4273 745 4334 1)
782 4273 872 4322 Ea:
911 4272 976 4324 G.
1013 4281 1159 4339 pont.
1201 4273 1355 4339 ἄνερ.
1394 4273 1478 4324 ΙΙ.
1648 4274 1705 4344 2)
1743 4277 1832 4327 Ex
1870 4276 2044 4329 Beda.
2210 4278 2266 4341 3)
2305 4275 2455 4331 Haec
2503 4293 2717 4345 quoque
2756 4275 2918 4331 omnia

689 4359 753 4393 eae
792 4343 855 4394 G.
885 4354 1037 4409 pont.
1077 4347 1335 4410 excerpsit
1368 4345 1595 4411 Paulus,
1633 4366 2029 4414 ‘nonnumquam
2065 4350 2227 4401 verba
2262 4357 2494 4400 mutam.
