3042 4909
823 386 1120 438 CARMEN
1160 387 1260 437 DE
1302 387 1591 440 SYNODO
1631 382 2022 439 TIOINENSI·
2437 388 2542 440 245

476 553 722 634 Quarta
764 550 1014 617 decima
1066 554 1404 651 provincia
1449 552 1669 619 Sicilia
1710 552 1918 618 insula
1960 562 2379 639 computatur.
2466 555 2544 619 In

301 636 423 701 hac
501 636 788 702 rovincia
818 645 977 701 'sunt
1017 635 1326 701 dltissime
1370 636 1583 718 urbes,
1624 637 1789 702 inter
1833 659 1989 725 quas
2040 658 2274 722 magna
2317 637 2542 704 civitas

305 729 400 786 est
493 720 848 784 iracusana.

470 803 712 885 Quinta
755 802 1005 868 decima
1046 803 1377 888 provincia
1406 800 1671 868 Corsica
1712 802 1937 887 insula,
1983 826 2146 890 quae
2189 803 2405 870 multis
2448 815 2546 870 est

301 886 796 987 promunctoriis
857 885 1184 972 angulosa.
1285 885 1486 951 Sexta
1542 887 1790 952 decima
1854 888 2188 973 provincia
2248 886 2543 954 Sardinia

303 969 528 1035 insula.
628 969 813 1051 Quae
855 979 1123 1055 utreque
1170 970 1450 1034 Tirrenis
1493 969 1793 1038 fluctibus
1845 969 2229 1036 ambiuntur.
2318 971 2499 1036 Haec
2521 984 2538 1018 ¹

300 1056 368 1118 in
410 1052 630 1118 Africa
687 1054 846 1117 mari
891 1053 1052 1117 facie
1096 1054 1350 1150 vestigii
1392 1053 1657 1118 humani
1700 1065 1828 1120 tam
1886 1056 1954 1118 in
2007 1054 2294 1120 horiente
2345 1077 2541 1141 quam

300 1138 368 1200 in
446 1137 773 1202 occidente
837 1135 1025 1201 latior
1087 1146 1435 1221 prommet,
1498 1137 1699 1204 forme
1764 1137 2029 1224 paribus
2077 1136 2415 1220 lateribus,
2473 1139 2540 1202 in

295 1220 565 1369 lrnerir{1ie
609 1230 672 1285 et
715 1221 1207 1368 sggtentrionem
1252 1231 1426 1305 patet
1465 1221 1534 1284 in
1577 1220 2038 1308 longitudinem
2072 1222 2194 1286 140
2235 1221 2429 1306 milia,
2472 1222 2540 1286 in

319 1305 478 1369 atitu
524 1305 692 1369 inem
825 1352 839 1368 .

1064 1474 1445 1481 ‘affl—...-
1458 1474 1662 1480 ——.————..
1697 1473 1774 1479 ffl-

616 1596 708 1663 11ss
796 1605 1161 1662 GARMEN
1203 1606 1319 1661 DE
1363 1607 1532 1661 SYN
1536 1605 1709 1662 0130
1754 1606 2215 1663 TIOINENSI.

463 1714 544 1779 In
591 1717 806 1781 codice
827 1717 1163 1797 Bobiensi,
1195 1720 1345 1802 jam
1376 1716 1566 1781 Amb
1588 1717 1763 1780 rosi
1775 1739 1875 1781 an
1897 1739 1931 1782 o
1963 1717 2041 1780 E.
2073 1717 2189 1780 147
2222 1739 2389 1801 sup.‚
2422 1719 2539 1804 qui

293 1799 575 1863 continet
618 1800 964 1866 concilium
1015 1800 1531 1867 Chalcedonense
1569 1798 1800 1864 litteris
1854 1799 2239 1886 majusculis
2281 1802 2535 1867 saec-ulo

296 1892 471 1947 seoeto
532 1885 942 1969 rescriptum,
1016 1883 1318 1969 Ulphilae
1378 1885 1658 1967 aliisque
1700 1883 2109 1970 fragmentis
2168 1882 2408 1966 deletis,
2460 1887 2534 1950 in

289 1967 567 2052 paginis
612 1967 870 2031 duabus
901 1977 1058 2052 post
1100 1970 1242 2054 ejus
1287 1967 1553 2033 concilii
1608 1969 1922 2032 actionem
1969 1972 2266 2051 primam
2307 1970 2537 2033 vacuis

290 2049 533 2115 relictis
605 2049 743 2114 alia
803 2073 1041 2116 manus
1101 2052 1471 2117 charactere
1535 2051 1900 2115 minusculo
1967 2050 2215 2115 saeculi
2277 2052 2538 2134 septimi

293 2135 572 2197 inseruit
613 2156 836 2198 versus
882 2135 974 2199 ad
1029 2134 1482 2199 celebrandam
1540 2134 1861 2220 synodum
1913 2134 2302 2216 Papiensem
2358 2158 2410 2198 c.
2471 2158 2532 2200 a.

291 2216 436 2281 698.
468 2218 732 2303 jubente
780 2217 1214 2301 Cunincperto
1260 2241 1407 2305 reqe
1466 2219 1845 2301 compositos
1888 2221 2154 2303 reqique
2198 2218 2534 2283 dedicatos

293 2325 335 2363 a
416 2310 556 2365 oeta
601 2323 947 2387 anonymo,
992 2323 1176 2386 quem
1205 2300 1602 2366 Flavianum
1627 2300 1852 2386 fuisse
1883 2302 2153 2386 conjecit
2192 2299 2531 2367 Oltrocchi.

288 2393 328 2462 [
381 2384 460 2448 ed
520 2385 751 2450 litteris
798 2407 1100 2450 versuum
1160 2385 1531 2450 initialibus
1584 2381 1880 2449 Stefanus
1923 2405 2051 2468 mg.
2110 2384 2531 2470 (magistwt)

293 2476 520 2533 auctor
562 2469 859 2533 indicari
899 2470 1176 2550 videtur,
1222 2478 1293 2533 ut
1335 2468 1838 2567 Holder·E99er
1880 2469 2183 2546 monuitJ.

459 2551 540 2616 In
589 2550 790 2616 altero
836 2554 1028 2617 etiam
1081 2553 1298 2617 codice
1341 2551 1656 2616 Bobiensi
1711 2560 1881 2615 inter
1936 2550 2531 2615 Ambrosianos

298 2634 364 2702 C.
394 2635 516 2699 1Οὸ
548 2635 767 2720 infer„
813 2636 1261 2722 Heyesippum
1291 2637 1651 2700 continente
1681 2633 1912 2699 litteris
1955 2632 2342 2719 majusculis
2372 2655 2526 2699 exa-

287 2728 527 2801 ratum,
583 2720 657 2784 in
716 2719 888 2785 calce
940 2719 1096 2785 libri
1154 2720 1396 2805 quarti,
1449 2717 1564 2782 ubi
1620 2717 1940 2782 librarius
1982 2719 2055 2781 in
2082 2715 2227 2799 fine
2273 2726 2528 2802 quater-

290 2803 512 2866 nionis
566 2804 856 2888 spatium
909 2803 1264 2889 reliquerat
1308 2804 1611 2889 paginae
1654 2801 1866 2885 paulo
1904 2800 2061 2885 plus
2119 2803 2342 2883 unius,
2389 2799 2529 2867 alia

286 2908 527 2950 manus
558 2886 805 2951 saeculi
840 2888 1095 2971 septimi
1122 2888 1418 2951 exeuntis
1445 2884 1544 2950 vel
1575 2887 1785 2949 octavi
1825 2886 2115 2950 ineuntis
2158 2886 2530 2950 charactere

287 2969 653 3034 minusculo
712 2970 825 3034 hos
867 2972 1048 3055 ipsos
1092 2992 1317 3034 versus
1358 2970 1720 3054 descripsit.

457 3054 711 3117 Invenit
755 3075 859 3117 eos
906 3056 1299 3140 primusque
1344 3053 1547 3118 edidit
1601 3051 1942 3133 Oltrocchi,
1986 3051 2162 3116 Eccl.
2208 3048 2527 3116 Mediola-

288 3138 509 3202 nensis
575 3138 900 3219 Historia,
966 3138 1138 3202 Med.
1197 3136 1376 3218 1795,
1441 3137 1534 3218 II,
1585 3136 1726 3201 536.
1779 3135 1921 3215 625,
1991 3158 2070 3200 eoe
2136 3135 2527 3220 apoyrapho

295 3220 361 3286 C.
406 3219 556 3301 105,
604 3221 777 3307 quod
820 3229 1018 3284 totum
1051 3223 1193 3285 aeri
1235 3221 1528 3285 incidere
1540 3218 1728 3305 fecit,
1772 3220 1983 3283 variis
2016 3218 2258 3283 codicis
2288 3218 2369 3281 Ε.
2408 3217 2528 3282 147

283 3304 662 3370 lectionibus
705 3306 780 3370 in
823 3327 971 3368 mar
1019 3308 1125 3368 ine
1167 3305 1503 3369 indicatis.
1601 3302 2034 3367 Oltrocchium
2077 3301 2334 3385 repetiit
2374 3301 2526 3365 Joh.

285 3385 599 3469 Bofisius,
673 3387 861 3453 Cone.
928 3326 1025 3450 Pb
1082 3389 1314 3468 iensia‚
1386 3385 1565 3451 1852.
1608 3385 1697 3465 4⁰,
1727 3408 1818 3531 ἔ.
1869 3386 1923 3446 1.
2024 3385 2302 3468 [Troya,
2373 3382 2525 3448 Cod.

289 3469 452 3555 dipl.
498 3471 624 3539 III.
669 3471 794 3535 Nr.
837 3470 981 3535 330.
1025 3469 1165 3534 ·53.
1210 3469 1352 3538 363.
1452 3469 1683 3534 Postea
1793 3466 2195 3553 eifferscheid
2225 3487 2525 3547 carmen,

286 3564 357 3619 nt
391 3555 668 3636 videtur,
709 3555 1027 3618 ineditum
1070 3563 1279 3634 ratus,
1310 3563 1332 3616 t
1366 3554 1502 3665 pis,
1549 3573 1680 3616 non
1711 3553 1853 3615 sine
1895 3551 2167 3632 mendis,
2210 3550 2529 3614 mandari

265 3640 458 3725 fecit,
505 3637 595 3704 (Β.
640 3638 723 3700 Β.
769 3637 1102 3702 d.Wiener
1143 3577 1375 3701 ΑΙοαιὲ
1432 3634 1612 3715 1871,
1649 3657 1722 3719 Ρ.
1755 3634 1899 3698 473.
2000 3634 2348 3698 Praeterea
2406 3634 2523 3697 im-

273 3744 580 3807 pressum
610 3723 794 3785 estin
825 3720 1336 3806 ephemeridibus
1359 3716 1887 3805 ‘L’archeoqrafo
1915 3718 2255 3798 Triestino,
2282 3715 2526 3781 Nuova

287 3806 471 3871 serie'
515 3806 569 3887 I,·
614 3827 689 3889 p.
721 3804 822 3867 85.
908 3804 1152 3869 Fusius
1211 3804 1490 3886 vero„de
1549 3804 1664 3867 hoc
1699 3803 1988 3886 pretioso
2041 3801 2354 3865 historia-e
2398 3821 2525 3864 mo·

286 3897 586 3954 numento
633 3909 845 3971 nuper
888 3889 1016 3975 eqit
1047 3888 1264 3973 Piper,
1310 3887 1512 3953 ‘Uber
1557 3887 1680 3950 den
1724 3883 2524 3970 kirchenqeschichtlichen

290 3971 565 4037 Gewinn
627 3994 751 4035 aus
802 3970 1220 4057 Inschriften'
1266 3994 1341 4056 p.
1389 3969 1502 4033 101
1555 3977 1727 4054 sqq.]
1823 3967 1965 4032 Nos
2021 3990 2125 4033 eos
2168 3968 2403 4032 iterum
2446 3988 2526 4030 ecc

284 4059 430 4140 ipso
453 4057 668 4121 codice
696 4055 776 4118 Ε.
801 4055 915 4119 147
949 4057 1438 4120 accuratissime
1467 4052 1949 4137 descripsimus,
1985 4052 2215 4114 varias
2240 4071 2525 4135 apogra-

281 4139 408 4224 phi
436 4137 499 4205 O.
528 4138 648 4202 105
678 4136 975 4203 lectiones
1007 4139 1122 4203 sub
1154 4147 1452 4204 contextu
1484 4144 1872 4201 annotantes
1897 4155 2108 4198 omnes
2123 4155 2147 4215 ,·
2189 4154 2269 4196 eoe
2333 4132 2524 4198 uibus

285 4226 449 4288 satis
482 4231 687 4307 patet,
730 4223 1008 4287 codicem
1057 4221 1123 4289 O.
1170 4221 1290 4286 105
1333 4244 1464 4286 non
1508 4242 1643 4284 esse
1667 4217 1939 4364 ,ΐῖηἶπὲ
1939 4217 2274 4364 {goffia-zv
2266 4298 2345 4363 N
2383 4215 2522 4280 147.

284 4392 345 4460 1)
385 4392 537 4446 Haec
576 4409 640 4446 ex
679 4391 878 4444 Isidor.
918 4392 1006 4446 Et.
1029 4392 1184 4457 XIV,
1227 4393 1278 4454 6,
1319 4394 1408 4444 39.
