3042 4909
694 415 914 467 PAULI
953 414 1299 467 HISTORIA
1337 414 2007 469 LANGOBARDORUM.
2400 419 2472 469 17

126 578 160 606 ¹
311 578 560 649 *Dnnes
619 582 1103 649 Vultumensis¹
1124 630 1143 664 ,
1199 580 1612 648 Romualdus
1669 581 2209 665 Salernitanus²,
2265 584 2470 650 latius

146 674 192 756 Ξ
225 666 736 756 ‘'⁴-;·'11a9arunt.·
782 664 1063 731 Paulum
1106 665 1565 732 consiliarium
1605 664 2093 731 dilectissimum
2137 677 2194 731 et
2219 667 2470 750 fidelis·

140 759 155 770 “
185 744 214 771 ““
247 758 332 833 ·.²
403 775 466 817 m
509 752 687 837 regis
732 749 1072 815 Desiderii
1115 749 1351 831 fuisse,
1396 771 1523 834 quo
1568 750 1814 815 devicto
1872 749 1971 814 bis
2014 759 2184 815 terve
2225 752 2299 815 in
2327 752 2465 817 Ka-

146 883 159 894 .
183 850 244 911 ,-.’
289 834 338 893 ’“.’
393 857 607 901 necem
651 857 794 899 eum
837 834 1272 918 conspirasse,
1317 833 1462 898 ideo
1509 833 1666 899 aliis
1700 834 1937 918 poenis
1979 833 2351 900 relaxatum
2392 837 2467 901 in

159 908 296 1003 μ’
321 914 332 997 J
362 922 502 984 ium
541 918 812 983 missum
855 939 1020 998 esse,
1066 919 1178 982 sed
1201 915 1733 1018 fuya-elapsum
1775 925 1929 982 tunc
1975 918 2226 983 demum
2257 920 2464 984 Bene-

277 1026 284 1035 ·
375 1025 487 1068 nm
532 1003 623 1066 acl
668 1001 891 1066 ducem
933 1000 1232 1066 Arichim
1274 1023 1543 1083 venisse,
1589 1000 1705 1066 hoc
1746 1010 2000 1066 mortuo
2042 1002 2117 1066 in
2161 1001 2233 1070 S.
2263 1002 2469 1068 Bene-

148 1004 238 1043 1'5'5.

146 1047 155 1060 Ι
207 1056 214 1061 -

213 1076 224 1089 Q
311 1080 322 1089 ι

40 1105 43 1134 ;
144 1065 161 1136 l
193 1100 204 1105 -

217 1124 242 1169 θ
430 1085 731 1151 coenobio
775 1093 1041 1150 sanctae
1082 1082 1425 1170 reliqionis
1468 1084 1698 1150 habita
1739 1085 2042 1149 inclutum
2085 1107 2217 1150 esse
2271 1094 2329 1150 et
2370 1088 2470 1151 ita

40 1185 43 1244 j
136 1146 429 1256 ,fl-sque
498 1170 588 1234 ad
650 1169 822 1233 vitae
870 1166 1075 1251 finem
1139 1177 1197 1232 et
1257 1167 1626 1233 litterarum
1692 1169 1910 1234 studio
1975 1178 2034 1231 et
2104 1168 2470 1234 humilitate

40 1293 43 1300 f
146 1265 181 1338 ξ·
320 1288 356 1308 -1
394 1276 481 1318 on
525 1262 584 1317 et
635 1253 1080 1318 taciturnitate
1136 1250 1531 1317 excelluisse.
1631 1251 1857 1337 Neque
1915 1253 2154 1318 rectius
2212 1252 2468 1318 Paulus

40 1355 43 1364 ’
108 1333 167 1390 '²3
231 1331 713 1426 wileqie'nsis
748 1335 1054 1401 ecclesiae
1097 1335 1420 1400 diaconus
1449 1336 1757 1416 dicitur³,
1801 1336 1916 1400 sed
1958 1337 2032 1400 in
2076 1338 2468 1401 monasterio

40 1433 43 1464 ³
106 1393 201 1502 f..
306 1422 582 1486 'sinensi
624 1420 798 1485 hunc
832 1421 1127 1505 primum
1170 1419 1426 1485 ordinis
1467 1417 1886 1485 ecclesiastici
1912 1421 2200 1506 gradum
2226 1428 2250 1464 ⁴
2293 1441 2465 1486 asse-

40 1515 43 1576 ξ
166 1509 175 1518 ’
309 1512 413 1570 tus
467 1525 600 1569 esse
649 1504 998 1588 putandus
1056 1511 1165 1567 est.
1278 1501 1460 1577 Quae
1518 1524 1667 1576 vero
1726 1503 1806 1567 de
1868 1506 2322 1569 commentario
2387 1506 2462 1569 in

216 1605 268 1664 jv·
349 1588 528 1653 ulam
570 1586 642 1652 S.
672 1586 1019 1652 Benedicti
1059 1588 1339 1670 scriptos
1386 1595 1443 1649 et
1537 1586 1761 1667 alatio,
1807 1587 1983 1672 quod
2023 1589 2096 1653 in
2142 1587 2298 1652 urbe
2340 1610 2467 1653 sua

115 1675 119 1688 '
176 1691 183 1702 ·
361 1673 498 1737 clais
537 1671 678 1735 dum
720 1678 1194 1751 construaeerat,
1240 1693 1282 1734 a
1324 1608 1537 1734 Pauss
1581 1670 1870 1736 versibus
1901 1680 2132 1736 ornato
2162 1670 2463 1736 Salerni-

351 1778 429 1820 us
466 1755 693 1835 tradit,
739 1763 1066 1840 comperta
1110 1752 1343 1818 habere
1376 1755 1614 1839 potuit.
2264 1789 2275 1799 ·

348 1883 362 1896 ⁸
415 1882 652 1932 notarius
704 1880 802 1933 sub
841 1879 1234 1930 Theodemario
1275 1879 1470 1931 abbate
1510 1878 1581 1929 ad
1622 1879 1875 1931 Casinum
1927 1882 2243 1947 perveniens
2283 1897 2464 1933 mona-

372 1969 531 2020 mque
570 1968 753 2005 scema
777 1953 1092 2020 suscipiens,
1131 1954 1433 2016 sanctitate,
1471 1953 1737 2017 gravitate
1764 1968 1859 2004 suo
1896 1958 2135 2021 tempore
2162 1954 2468 2020 singularis,

347 2027 573 2094 osophia
598 2041 811 2092 quoque
850 2041 884 2076 a
920 2026 1152 2092 pueritia
1178 2024 1432 2077 eruditus.
1510 2024 1826 2093 Composuit
1849 2027 1904 2077 in
1929 2025 2145 2079 laudem
2171 2028 2469 2080 beatissimi

349 2098 517 2151 edicti
541 2115 726 2150 versus
767 2098 1012 2163 elegiaco
1052 2102 1221 2149 metro
1250 2097 1518 2164 digestos3
1558 2099 1783 2164 hymnos
1810 2114 2022 2166 quoque
2060 2103 2236 2152 sancti
2271 2101 2468 2152 Iohan-

349 2172 620 2240 baptistae
659 2173 938 2238 sanctique
976 2170 1287 2235 Benedicti,
1325 2187 1510 2223 versus
1550 2171 1618 2223 ad
1659 2171 1910 2223 carolum
1947 2174 2348 2239 imperatorem,
2399 2172 2468 2223 ad

356 2246 441 2297 bis
461 2246 896 2296 Beneventanum
926 2245 1241 2311 principem,
1279 2245 1559 2310 sanctique
1580 2245 1860 2295 Fortunati
1887 2247 2126 2312 episcopi
2152 2247 2318 2297 vitam
2358 2245 2467 2297 ele-

335 2323 419 2369 ter
446 2317 755 2385 descripsit;
784 2316 1032 2369 homilias
1060 2332 1273 2383 quoque
1301 2318 1710 2383 quinquaginta,
1738 2320 1910 2369 sancti
1932 2317 2199 2385 pontificis
2222 2318 2468 2384 Gregorii

343 2407 412 2455 m,
450 2393 506 2442 in
543 2390 732 2457 regula
769 2391 944 2442 sancti
980 2388 1264 2441 Benedicti
1304 2391 1709 2457 expositionem,
1759 2406 1824 2440 ac
1864 2389 1931 2440 de
1969 2392 2215 2456 ingressu
2251 2390 2468 2457 Lango-

328 2463 512 2515 dorum
551 2465 605 2514 in
645 2462 878 2526 Italiam,
918 2464 1125 2529 origine
1162 2478 1436 2528 regnoque
1477 2478 1659 2513 eorum
1697 2463 1971 2515 historiam
2011 2462 2172 2514 valde
2226 2462 2467 2515 luculen-

227 2544 337 2589 tam
380 2535 570 2588 edidit.
644 2537 709 2587 In
746 2536 969 2588 historia
1017 2541 1194 2587 autem
1232 2536 1477 2603 Eutropii
1527 2550 1687 2602 quam
1738 2536 1966 2603 plurima
2003 2537 2263 2588 adiunxit.
2339 2537 2470 2589 Uni-

227 2625 412 2662 versae
462 2611 623 2660 etiam
675 2608 1033 2660 lectiunculas
1083 2624 1116 2658 a
1165 2610 1428 2676 principio
1480 2610 1666 2660 mundi
1704 2625 1874 2675 usque
1925 2608 1996 2659 ad
2033 2626 2183 2661 suam
2235 2613 2469 2661 aetatem

228 2698 338 2734 una
377 2698 498 2734 cum
540 2681 722 2733 annali
761 2686 1009 2749 computo
1061 2682 1304 2733 rithmice
1358 2683 1670 2748 composuit.
1746 2683 1875 2733 Fuit
1912 2687 2093 2734 autem
2143 2684 2469 2750 temporibus

231 2755 415 2807 Caroli
460 2755 817 2822 imperatoris.
894 2754 1145 2822 Sepultus
1199 2760 1280 2806 est
1334 2755 1389 2804 in
1449 2753 1639 2807 eodem
1700 2755 1924 2807 cenobio
1981 2756 2129 2807 iuxta
2181 2755 2469 2809 ecclesiam

229 2830 405 2881 sancti
455 2827 740 2879 Benedicti
794 2832 916 2879 ante
967 2827 1276 2894 capitulum.
1356 2825 1436 2892 (ff.
1483 2843 1621 2895 quae
1671 2828 1736 2880 de
1793 2828 1873 2880 his
1931 2828 2131 2880 monuit
2168 2828 2472 2880 Bethmann

217 2919 283 2969 Ρ.
312 2901 418 2953 251
462 2917 518 2951 n.
692 2896 747 2965 1)
786 2899 1058 2951 Muratori
1094 2899 1142 2963 I,
1185 2900 1235 2963 2,
1269 2914 1328 2965 Ρ.
1367 2900 1491 2951 326.
1662 2897 1719 2966 2)
1760 2899 2028 2953 Muratori
2077 2900 2204 2964 VII,
2248 2918 2302 2968 p.
2345 2902 2471 2953 144.

231 2974 358 3025 150.
437 2972 509 3025 In
544 2989 687 3025 nova
735 2971 840 3025 SS.
908 2972 1020 3024 Vol.
1062 2972 1214 3023 XIX.
1267 2972 1493 3025 editione
1545 2971 1753 3026 omissa.
1905 2972 1965 3040 3)
2017 2991 2062 3026 c.
2104 2974 2191 3038 37,
2235 2991 2300 3040 Ρ.
2342 2975 2469 3026 489.

231 3045 391 3111 Quod
441 3044 551 3098 Leo
603 3045 794 3097 omisit.
944 3042 1005 3111 4)
1045 3045 1251 3098 Paulus
1304 3061 1339 3096 a
1378 3062 1432 3098 se
1468 3045 1584 3112 ipso
1634 3047 1693 3097 in
1730 3046 1947 3099 homilia
1998 3048 2063 3099 de
2101 3063 2144 3097 s.
2184 3046 2472 3100 Benedicto

228 3119 564 3186 (Bethmann
590 3136 653 3185 Ρ.
693 3117 828 3185 802)
869 3127 918 3171 et
957 3135 992 3169 a
1043 3118 1248 3170 coaevis
1283 3116 1589 3184 saepissime
1639 3117 1929 3172 ‘diaconus’
1967 3128 2220 3180 vocatur-,-
2262 3117 2473 3184 ‘levita',

225 3192 375 3260 quod
431 3191 573 3244 idem
628 3191 925 3261 significat,
1011 3191 1069 3242 in
1114 3189 1382 3258 epitaphio
1445 3200 1494 3245 et
1554 3191 1611 3242 in
1669 3191 1933 3244 Johannis
1992 3192 2057 3245 G.
2117 3208 2236 3259 epp.
2298 3192 2472 3260 Neap.

92 3283 101 3326 ¹,
228 3264 310 3333 (J.
351 3264 673 3328 Bethmann,
707 3281 767 3331 p.
807 3265 912 3316 254
950 3282 1005 3316 n.
1048 3264 1322 3317 ‘diaconus
1362 3271 1411 3318 et
1435 3262 1805 3332 philosophus'
1854 3264 2008 3317 audit
2045 3266 2102 3317 in
2140 3265 2254 3317 cod.
2298 3264 2474 3318 Oasin.

40 3313 43 3394 Ι
93 3349 101 3420 Γ
233 3338 451 3405 (Miqne
461 3355 523 3404 Ρ.
549 3336 735 3404 1574).
850 3337 907 3403 5)
930 3355 972 3389 c.
995 3338 1082 3401 87,
1101 3354 1165 3403 Ρ.
1189 3337 1321 3389 488:
1356 3339 1452 3391 Set
1477 3337 1602 3389 dum
1621 3338 1782 3391 valde
1808 3339 1997 3390 fuisset
2015 3355 2207 3406 nempe
2235 3344 2416 3391 oratus
2444 3355 2477 3389 a

226 3417 386 3479 patre
415 3412 583 3478 ipsius
604 3410 913 3462 monasterii
932 3410 1196 3477 simulque
1224 3412 1422 3478 quippe
1451 3415 1506 3463 et
1532 3427 1565 3462 a
1589 3411 1855 3475 fratribus,
1882 3418 1941 3463 ut
1965 3411 2294 3479 praedictam
2316 3427 2473 3478 regu·

88 3529 89 3532 ,
224 3485 360 3546 lam,
388 3482 647 3550 quicquid
670 3484 945 3535 obscurius
966 3484 1207 3535 invenire
1227 3483 1446 3548 ibidem,
1472 3485 1529 3534 in
1560 3484 1743 3551 patulo
1769 3484 2036 3551 proderet,
2060 3485 2178 3552 ipse
2198 3500 2327 3536 vero
2347 3486 2474 3536 obe·

90 3565 91 3632 ᾖ
225 3555 447 3609 dienter
482 3555 803 3609 omnimodis
827 3572 886 3608 se
911 3556 1045 3609 talia
1080 3557 1327 3608 nimirum
1353 3556 1648 3623 adimplere
1686 3558 1977 3623 respondit,
2017 3564 2179 3623 atque
2217 3557 2474 3624 quicquid

84 3643 91 3686 ι
226 3630 515 3682 obscurius
554 3628 757 3680 ibidem
796 3631 1066 3697 repperire
1102 3631 1293 3696 potuit,
1332 3630 1565 3682 mirabili
1615 3630 1874 3682 relatione
1910 3630 1967 3679 in
2004 3629 2187 3697 patulo
2237 3629 2474 3696 protulit,

39 3693 69 3748 b
224 3701 591 3769 codicemque
628 3700 780 3754 illum
818 3702 996 3769 ‘super
1030 3702 1288 3769 regulam‘
1340 3703 1603 3771 appellari
1654 3702 1945 3770 praecepit.
2023 3703 2249 3770 Scripsit
2299 3709 2476 3756 autern

226 3781 286 3828 et
324 3775 440 3826 alia
476 3774 735 3827 nonnulla
772 3775 1032 3843 opuscula
1069 3791 1312 3828 sermone
1351 3776 1642 3828 luculento.
1722 3774 1801 3843 CJ.
1841 3775 1940 3827 hac
1977 3776 2044 3828 de
2079 3792 2137 3828 re
2175 3775 2478 3828 Bethmann

59 3847 67 3928 1
214 3865 284 3915 Ρ.
331 3848 462 3899 299.
551 3844 726 3900 Codex
771 3847 1050 3901 Bobiensis
1099 3865 1143 3900 s.
1206 3848 1273 3900 X.
1327 3858 1508 3915 aperte
1558 3849 1709 3900 dicit:
1759 3849 1958 3916 Incipit
2010 3850 2270 3917 expositio
2321 3850 2478 3903 Pauli

227 3921 457 3972 diaconi
494 3936 655 3987 super
705 3922 947 3987 regulam
1000 3923 1172 3973 sancti
1210 3921 1495 3973 Benedicti
1548 3922 1774 3974 abbatis.
1854 3920 1953 3973 Oui
1974 3923 2142 3990 fidem
2178 3921 2478 3974 habendam

46 3955 69 4120 J
225 4010 346 4046 esse
375 4001 532 4060 puto.
573 4021 646 4032 —
685 3991 826 4047 Ibid.
872 4011 936 4060 Ρ.
976 3995 1115 4046 489:
1163 3996 1337 4061 ipsum
1376 3995 1654 4062 palatium,
1702 3995 1843 4062 quod
1883 3997 2160 4064 princeps.
2184 4031 2196 4046 .
2219 4033 2231 4045 .
2264 3996 2476 4047 Arichis

222 4067 428 4120 struxit
453 4068 508 4117 in
547 4073 841 4118 memorata
880 4068 1219 4122 Salernitana
1243 4068 1391 4131 urbe,
1430 4067 1669 4135 undique
1695 4070 1868 4137 ipsum
1895 4070 2136 4122 versibus
2173 4068 2477 4120 illustravit.

52 4101 83 4276 il
228 4140 334 4193 Set
375 4140 504 4206 quia
550 4140 764 4192 fuerunt
813 4142 1136 4208 sequestrati
1175 4146 1227 4192 et
1276 4146 1492 4209 propter
1539 4144 1698 4209 longo
1751 4147 1990 4209 tempore
2041 4146 2164 4193 sunt
2206 4143 2478 4206 vetustati,

46 4219 57 4284 Ι
224 4228 519 4264 numerare
558 4213 849 4279 legereque
888 4213 1011 4266 illos
1049 4215 1403 4279 nequivimus.
1478 4214 1618 4265 Nam
1669 4216 1716 4266 si
1767 4217 1822 4265 in
1871 4230 1977 4266 una
2028 4215 2225 4281 quippe
2277 4215 2479 4282 pagina

43 4297 55 4376 Ι
222 4285 465 4337 fuissent
514 4287 668 4349 nexi,
729 4302 1038 4354 comparare
1091 4286 1212 4338 illos
1259 4287 1499 4354 profecto
1548 4288 1902 4354 potuissemus
1948 4288 2158 4338 Maroni
2208 4287 2480 4338 volumina

74 4357 78 4388 ¹
222 4359 482 4410 nimirum
527 4358 826 4425 Catonique
877 4362 991 4411 sive
1030 4361 1269 4427 profecto
1324 4360 1390 4411 de
1444 4359 1565 4412 aliis
1617 4360 1886 4427 sophistis.
1966 4358 2108 4410 Num
2162 4358 2384 4412 ‘Versus
2421 4356 2481 4409 in

39 4425 53 4882 f
