<?xml version="1.0" encoding="UTF-8"?>
<!DOCTYPE html PUBLIC "-//W3C//DTD XHTML 1.0 Transitional//EN"
    "http://www.w3.org/TR/xhtml1/DTD/xhtml1-transitional.dtd">
<html xmlns="http://www.w3.org/1999/xhtml" xml:lang="en" lang="en">
 <head>
  <title>
</title>
<meta http-equiv="Content-Type" content="text/html;charset=utf-8" />
  <meta name='ocr-system' content='tesseract 3.04.00' />
  <meta name='ocr-capabilities' content='ocr_page ocr_carea ocr_par ocr_line ocrx_word'/>
</head>
<body>
  <div class='ocr_page' id='page_1' title='image "./paulihistoriala01waitgoog_0103.png"; bbox 0 0 3042 4909; ppageno 0'>
   <div class='ocr_carea' id='block_1_1' title="bbox 536 401 2484 456">
    <p class='ocr_par' dir='ltr' id='par_1_1' title="bbox 536 401 2484 456">
     <span class='ocr_line' id='line_1_1' title="bbox 536 401 2484 456; baseline -0.001 -1"><span class='ocrx_word' id='word_1_1' title='bbox 536 403 758 455; x_wconf 84' lang='lat' dir='ltr'>PAULI</span> <span class='ocrx_word' id='word_1_2' title='bbox 799 402 1149 456; x_wconf 83' lang='lat' dir='ltr'>HISTORIA</span> <span class='ocrx_word' id='word_1_3' title='bbox 1185 401 1857 456; x_wconf 85' lang='lat' dir='ltr'>LANGOBARDORUM.</span> <span class='ocrx_word' id='word_1_4' title='bbox 1935 403 2076 455; x_wconf 87' lang='lat' dir='ltr'>LIB.</span> <span class='ocrx_word' id='word_1_5' title='bbox 2117 403 2190 453; x_wconf 91' lang='lat'>11.</span> <span class='ocrx_word' id='word_1_6' title='bbox 2417 404 2484 453; x_wconf 82' lang='lat'>95</span> 
     </span>
    </p>
   </div>
   <div class='ocr_carea' id='block_1_2' title="bbox 236 566 2685 2832">
    <p class='ocr_par' dir='ltr' id='par_1_2' title="bbox 242 566 2488 1320">
     <span class='ocr_line' id='line_1_2' title="bbox 244 566 2486 667; baseline 0 -32"><span class='ocrx_word' id='word_1_7' title='bbox 244 571 533 656; x_wconf 91' lang='lat' dir='ltr'>simeque</span> <span class='ocrx_word' id='word_1_8' title='bbox 575 572 682 634; x_wconf 71' lang='lat' dir='ltr'>ina</span> <span class='ocrx_word' id='word_1_9' title='bbox 725 568 949 635; x_wconf 91' lang='lat' dir='ltr'>eadem</span> <span class='ocrx_word' id='word_1_10' title='bbox 1006 568 1266 634; x_wconf 89' lang='lat' dir='ltr'>civitate</span> <span class='ocrx_word' id='word_1_11' title='bbox 1322 570 1600 667; x_wconf 84' lang='lat' dir='ltr'>primum</span> <span class='ocrx_word' id='word_1_12' title='bbox 1658 566 2008 656; x_wconf 84' lang='lat' dir='ltr'>presbiter,</span> <span class='ocrx_word' id='word_1_13' title='bbox 2068 568 2296 636; x_wconf 90' lang='lat' dir='ltr'>deinde</span> <span class='ocrx_word' id='word_1_14' title='bbox 2356 574 2486 659; x_wconf 91' lang='lat' dir='ltr'>epi·</span> 
     </span>
     <span class='ocr_line' id='line_1_3' title="bbox 245 651 2488 740; baseline 0.001 -22"><span class='ocrx_word' id='word_1_15' title='bbox 245 675 480 740; x_wconf 85' lang='lat' dir='ltr'>scopus</span> <span class='ocrx_word' id='word_1_16' title='bbox 526 652 856 718; x_wconf 91' lang='lat' dir='ltr'>ordinatus</span> <span class='ocrx_word' id='word_1_17' title='bbox 899 662 1024 733; x_wconf 90' lang='lat' dir='ltr'>est,</span> <span class='ocrx_word' id='word_1_18' title='bbox 1086 663 1278 739; x_wconf 91' lang='lat' dir='ltr'>atque</span> <span class='ocrx_word' id='word_1_19' title='bbox 1335 674 1400 715; x_wconf 90' lang='lat' dir='ltr'>1n</span> <span class='ocrx_word' id='word_1_20' title='bbox 1444 653 1670 718; x_wconf 89' lang='lat' dir='ltr'>eodem</span> <span class='ocrx_word' id='word_1_21' title='bbox 1712 651 1855 716; x_wconf 94' lang='lat' dir='ltr'>loco</span> <span class='ocrx_word' id='word_1_22' title='bbox 1899 652 2094 737; x_wconf 85' lang='lat' dir='ltr'>digno</span> <span class='ocrx_word' id='word_1_23' title='bbox 2137 654 2488 722; x_wconf 88' lang='lat' dir='ltr'>tumulatus</span> 
     </span>
     <span class='ocr_line' id='line_1_4' title="bbox 244 736 2486 824; baseline 0.001 -22"><span class='ocrx_word' id='word_1_24' title='bbox 244 737 483 802; x_wconf 81' lang='lat' dir='ltr'>honore</span> <span class='ocrx_word' id='word_1_25' title='bbox 529 737 820 824; x_wconf 80' lang='lat' dir='ltr'>quiescit.</span> <span class='ocrx_word' id='word_1_26' title='bbox 906 736 1034 799; x_wconf 93' lang='lat' dir='ltr'>Hic</span> <span class='ocrx_word' id='word_1_27' title='bbox 1072 736 1244 801; x_wconf 88' lang='lat' dir='ltr'>beati</span> <span class='ocrx_word' id='word_1_28' title='bbox 1281 736 1543 800; x_wconf 86' lang='lat' dir='ltr'>Martini</span> <span class='ocrx_word' id='word_1_29' title='bbox 1588 737 1813 801; x_wconf 62' lang='lat' dir='ltr'>vitam»</span> <span class='ocrx_word' id='word_1_30' title='bbox 1859 745 2157 822; x_wconf 89' lang='lat' dir='ltr'>quattuor</span> <span class='ocrx_word' id='word_1_31' title='bbox 2197 739 2262 801; x_wconf 92' lang='lat' dir='ltr'>in</span> <span class='ocrx_word' id='word_1_32' title='bbox 2304 737 2486 804; x_wconf 91' lang='lat' dir='ltr'>libris</span> 
     </span>
     <span class='ocr_line' id='line_1_5' title="bbox 244 819 2487 908; baseline 0.002 -24"><span class='ocrx_word' id='word_1_33' title='bbox 244 820 500 887; x_wconf 92' lang='lat' dir='ltr'>heroico</span> <span class='ocrx_word' id='word_1_34' title='bbox 545 842 736 886; x_wconf 89' lang='lat' dir='ltr'>versu</span> <span class='ocrx_word' id='word_1_35' title='bbox 780 819 1112 885; x_wconf 81' lang='lat' dir='ltr'>contexuit</span> <span class='ocrx_word' id='word_1_36' title='bbox 1128 831 1173 902; x_wconf 76' lang='lat'>⁰,</span> <span class='ocrx_word' id='word_1_37' title='bbox 1241 829 1304 885; x_wconf 94' lang='lat' dir='ltr'>et</span> <span class='ocrx_word' id='word_1_38' title='bbox 1345 819 1547 884; x_wconf 86' lang='lat' dir='ltr'>multa</span> <span class='ocrx_word' id='word_1_39' title='bbox 1608 819 1735 884; x_wconf 88' lang='lat' dir='ltr'>alia</span> <span class='ocrx_word' id='word_1_40' title='bbox 1784 820 2193 907; x_wconf 80' lang='lat' dir='ltr'>maximeque</span> <span class='ocrx_word' id='word_1_41' title='bbox 2256 844 2487 908; x_wconf 87' lang='lat' dir='ltr'>ymnos</span> 
     </span>
     <span class='ocr_line' id='line_1_6' title="bbox 245 901 2488 991; baseline 0.001 -22"><span class='ocrx_word' id='word_1_42' title='bbox 245 903 639 990; x_wconf 85' lang='lat' dir='ltr'>singularum</span> <span class='ocrx_word' id='word_1_43' title='bbox 681 903 1092 969; x_wconf 82' lang='lat' dir='ltr'>festivitatum</span> <span class='ocrx_word' id='word_1_44' title='bbox 1117 915 1181 968; x_wconf 89' lang='lat' dir='ltr'>et</span> <span class='ocrx_word' id='word_1_45' title='bbox 1219 904 1565 991; x_wconf 82' lang='lat' dir='ltr'>praecipue</span> <span class='ocrx_word' id='word_1_46' title='bbox 1593 902 1679 968; x_wconf 88' lang='lat' dir='ltr'>ad</span> <span class='ocrx_word' id='word_1_47' title='bbox 1708 901 1993 988; x_wconf 85' lang='lat' dir='ltr'>singulos</span> <span class='ocrx_word' id='word_1_48' title='bbox 2023 905 2265 969; x_wconf 92' lang='lat' dir='ltr'>amicos</span> <span class='ocrx_word' id='word_1_49' title='bbox 2295 909 2488 972; x_wconf 92' lang='lat' dir='ltr'>versi-</span> 
     </span>
     <span class='ocr_line' id='line_1_7' title="bbox 245 985 2487 1074; baseline 0.002 -23"><span class='ocrx_word' id='word_1_50' title='bbox 245 987 441 1071; x_wconf 83' lang='lat' dir='ltr'>culos,</span> <span class='ocrx_word' id='word_1_51' title='bbox 497 985 656 1052; x_wconf 91' lang='lat' dir='ltr'>nulli</span> <span class='ocrx_word' id='word_1_52' title='bbox 719 997 1053 1074; x_wconf 89' lang='lat' dir='ltr'>poetarum</span> <span class='ocrx_word' id='word_1_53' title='bbox 1105 986 1446 1069; x_wconf 89' lang='lat' dir='ltr'>secundus,</span> <span class='ocrx_word' id='word_1_54' title='bbox 1509 988 1694 1052; x_wconf 91' lang='lat' dir='ltr'>suavi</span> <span class='ocrx_word' id='word_1_55' title='bbox 1737 998 1801 1054; x_wconf 89' lang='lat' dir='ltr'>et</span> <span class='ocrx_word' id='word_1_56' title='bbox 1863 987 2097 1054; x_wconf 88' lang='lat' dir='ltr'>diserto</span> <span class='ocrx_word' id='word_1_57' title='bbox 2118 989 2146 1031; x_wconf 80' lang='lat'>‘¹</span> <span class='ocrx_word' id='word_1_58' title='bbox 2197 1010 2487 1056; x_wconf 87' lang='lat' dir='ltr'>sermone</span> 
     </span>
     <span class='ocr_line' id='line_1_8' title="bbox 245 1069 2486 1172; baseline 0.001 -37"><span class='ocrx_word' id='word_1_59' title='bbox 245 1073 605 1158; x_wconf 85' lang='lat' dir='ltr'>conposuit.</span> <span class='ocrx_word' id='word_1_60' title='bbox 670 1070 779 1136; x_wconf 94' lang='lat' dir='ltr'>Ad</span> <span class='ocrx_word' id='word_1_61' title='bbox 807 1072 991 1136; x_wconf 90' lang='lat' dir='ltr'>cuius</span> <span class='ocrx_word' id='word_1_62' title='bbox 1015 1092 1136 1155; x_wconf 86' lang='lat' dir='ltr'>ego</span> <span class='ocrx_word' id='word_1_63' title='bbox 1167 1069 1503 1153; x_wconf 85' lang='lat' dir='ltr'>tumulum,</span> <span class='ocrx_word' id='word_1_64' title='bbox 1536 1091 1684 1135; x_wconf 92' lang='lat' dir='ltr'>cum</span> <span class='ocrx_word' id='word_1_65' title='bbox 1706 1069 1857 1135; x_wconf 89' lang='lat' dir='ltr'>illuc</span> <span class='ocrx_word' id='word_1_66' title='bbox 1887 1072 2192 1137; x_wconf 89' lang='lat' dir='ltr'>orationis</span> <span class='ocrx_word' id='word_1_67' title='bbox 2235 1075 2443 1172; x_wconf 81' lang='lat' dir='ltr'>gratia</span> <span class='ocrx_word' id='word_1_68' title='bbox 2461 1085 2486 1117; x_wconf 67' lang='grc' dir='ltr'><strong>θ</strong></span> 
     </span>
     <span class='ocr_line' id='line_1_9' title="bbox 242 1152 2486 1241; baseline 0.002 -22"><span class='ocrx_word' id='word_1_69' title='bbox 242 1154 723 1238; x_wconf 85' lang='lat' dir='ltr'>adventassem,</span> <span class='ocrx_word' id='word_1_70' title='bbox 783 1153 906 1218; x_wconf 91' lang='lat' dir='ltr'>hoc</span> <span class='ocrx_word' id='word_1_71' title='bbox 959 1154 1376 1241; x_wconf 88' lang='lat' dir='ltr'>epitaphium,</span> <span class='ocrx_word' id='word_1_72' title='bbox 1420 1166 1684 1240; x_wconf 88' lang='lat' dir='ltr'>rogatus</span> <span class='ocrx_word' id='word_1_73' title='bbox 1747 1152 1829 1219; x_wconf 91' lang='lat' dir='ltr'>ab</span> <span class='ocrx_word' id='word_1_74' title='bbox 1873 1154 2053 1241; x_wconf 92' lang='lat' dir='ltr'>Apro</span> <span class='ocrx_word' id='word_1_75' title='bbox 2073 1156 2094 1199; x_wconf 75' lang='lat' dir='ltr'>f</span> <span class='ocrx_word' id='word_1_76' title='bbox 2107 1204 2123 1239; x_wconf 92' lang='lat'>,</span> <span class='ocrx_word' id='word_1_77' title='bbox 2200 1156 2486 1223; x_wconf 79' lang='lat' dir='ltr'>elusdem</span> 
     </span>
     <span class='ocr_line' id='line_1_10' title="bbox 245 1237 1540 1320; baseline -0.002 -17"><span class='ocrx_word' id='word_1_78' title='bbox 245 1237 373 1304; x_wconf 92' lang='lat' dir='ltr'>loci</span> <span class='ocrx_word' id='word_1_79' title='bbox 416 1237 648 1304; x_wconf 89' lang='lat' dir='ltr'>abbate</span> <span class='ocrx_word' id='word_1_80' title='bbox 667 1250 708 1320; x_wconf 89' lang='lat'>¹,</span> <span class='ocrx_word' id='word_1_81' title='bbox 754 1237 1162 1305; x_wconf 90' lang='lat' dir='ltr'>scribendum</span> <span class='ocrx_word' id='word_1_82' title='bbox 1207 1240 1540 1304; x_wconf 85' lang='lat' dir='ltr'>contexui:</span> 
     </span>
    </p>

    <p class='ocr_par' dir='ltr' id='par_1_3' title="bbox 411 1320 1939 1409">
     <span class='ocr_line' id='line_1_11' title="bbox 411 1320 1939 1409; baseline -0.001 -21"><span class='ocrx_word' id='word_1_83' title='bbox 411 1322 681 1409; x_wconf 86' lang='lat' dir='ltr'>Ingenio</span> <span class='ocrx_word' id='word_1_84' title='bbox 700 1333 730 1378; x_wconf 72' lang='lat'><em>8</em></span> <span class='ocrx_word' id='word_1_85' title='bbox 774 1321 1000 1403; x_wconf 91' lang='lat' dir='ltr'>clarus,</span> <span class='ocrx_word' id='word_1_86' title='bbox 1046 1344 1239 1387; x_wconf 90' lang='lat' dir='ltr'>sensu</span> <span class='ocrx_word' id='word_1_87' title='bbox 1282 1320 1466 1402; x_wconf 92' lang='lat' dir='ltr'>celer,</span> <span class='ocrx_word' id='word_1_88' title='bbox 1512 1323 1661 1387; x_wconf 85' lang='lat' dir='ltr'>ore¹¹</span> <span class='ocrx_word' id='word_1_89' title='bbox 1706 1321 1939 1404; x_wconf 87' lang='lat' dir='ltr'>suavis,</span> 
     </span>
    </p>

    <p class='ocr_par' dir='ltr' id='par_1_4' title="bbox 585 1403 2003 1491">
     <span class='ocr_line' id='line_1_12' title="bbox 585 1403 2003 1491; baseline 0 -20"><span class='ocrx_word' id='word_1_90' title='bbox 585 1405 784 1471; x_wconf 83' lang='lat' dir='ltr'>Cuius</span> <span class='ocrx_word' id='word_1_91' title='bbox 829 1404 1012 1471; x_wconf 87' lang='lat' dir='ltr'>dulce</span> <span class='ocrx_word' id='word_1_92' title='bbox 1054 1403 1252 1471; x_wconf 90' lang='lat' dir='ltr'>melos</span> <span class='ocrx_word' id='word_1_93' title='bbox 1294 1406 1529 1491; x_wconf 82' lang='lat' dir='ltr'>pagina</span> <span class='ocrx_word' id='word_1_94' title='bbox 1572 1405 1770 1470; x_wconf 86' lang='lat' dir='ltr'>multa</span> <span class='ocrx_word' id='word_1_95' title='bbox 1814 1406 2003 1488; x_wconf 89' lang='lat' dir='ltr'>canit,</span> 
     </span>
    </p>

    <p class='ocr_par' dir='ltr' id='par_1_5' title="bbox 410 1487 1950 1577">
     <span class='ocr_line' id='line_1_13' title="bbox 410 1487 1950 1577; baseline 0 -23"><span class='ocrx_word' id='word_1_96' title='bbox 410 1490 820 1570; x_wconf 87' lang='lat' dir='ltr'>Fortunatus,</span> <span class='ocrx_word' id='word_1_97' title='bbox 864 1511 1036 1577; x_wconf 83' lang='lat' dir='ltr'>apex</span> <span class='ocrx_word' id='word_1_98' title='bbox 1078 1497 1316 1572; x_wconf 89' lang='lat' dir='ltr'>vatum,</span> <span class='ocrx_word' id='word_1_99' title='bbox 1357 1487 1739 1555; x_wconf 85' lang='lat' dir='ltr'>venerabilis</span> <span class='ocrx_word' id='word_1_100' title='bbox 1782 1500 1950 1571; x_wconf 91' lang='lat' dir='ltr'>actu,</span> 
     </span>
    </p>

    <p class='ocr_par' dir='ltr' id='par_1_6' title="bbox 414 1572 2231 1827">
     <span class='ocr_line' id='line_1_14' title="bbox 579 1572 2039 1659; baseline -0.001 -22"><span class='ocrx_word' id='word_1_101' title='bbox 579 1572 871 1637; x_wconf 91' lang='lat' dir='ltr'>Ausonia</span> <span class='ocrx_word' id='word_1_102' title='bbox 912 1573 1187 1659; x_wconf 85' lang='lat' dir='ltr'>genitus,</span> <span class='ocrx_word' id='word_1_103' title='bbox 1233 1572 1353 1637; x_wconf 92' lang='lat' dir='ltr'>hac</span> <span class='ocrx_word' id='word_1_104' title='bbox 1394 1572 1778 1638; x_wconf 66' lang='lat' dir='ltr'>tumulaturi</span> <span class='ocrx_word' id='word_1_105' title='bbox 1826 1573 2039 1638; x_wconf 94' lang='lat' dir='ltr'>humo.</span> 
     </span>
     <span class='ocr_line' id='line_1_15' title="bbox 414 1656 2127 1744; baseline -0.001 -22"><span class='ocrx_word' id='word_1_106' title='bbox 414 1656 614 1722; x_wconf 84' lang='lat' dir='ltr'>Cuius</span> <span class='ocrx_word' id='word_1_107' title='bbox 658 1656 740 1722; x_wconf 94' lang='lat' dir='ltr'>ab</span> <span class='ocrx_word' id='word_1_108' title='bbox 785 1678 893 1721; x_wconf 91' lang='lat' dir='ltr'>ore</span> <span class='ocrx_word' id='word_1_109' title='bbox 937 1678 1118 1722; x_wconf 91' lang='lat' dir='ltr'>sacro</span> <span class='ocrx_word' id='word_1_110' title='bbox 1163 1666 1527 1722; x_wconf 89' lang='lat' dir='ltr'>sanctorum</span> <span class='ocrx_word' id='word_1_111' title='bbox 1570 1667 1753 1743; x_wconf 84' lang='lat' dir='ltr'>gesta</span> <span class='ocrx_word' id='word_1_112' title='bbox 1794 1657 2127 1744; x_wconf 56' lang='lat' dir='ltr'>priorum*</span> 
     </span>
     <span class='ocr_line' id='line_1_16' title="bbox 576 1739 2231 1827; baseline 0.001 -22"><span class='ocrx_word' id='word_1_113' title='bbox 576 1741 946 1806; x_wconf 85' lang='lat' dir='ltr'>Discimus:</span> <span class='ocrx_word' id='word_1_114' title='bbox 990 1740 1148 1806; x_wconf 92' lang='lat' dir='ltr'>haec</span> <span class='ocrx_word' id='word_1_115' title='bbox 1189 1749 1546 1806; x_wconf 85' lang='lat' dir='ltr'>monstrant</span> <span class='ocrx_word' id='word_1_116' title='bbox 1587 1762 1845 1827; x_wconf 88' lang='lat' dir='ltr'>carpere</span> <span class='ocrx_word' id='word_1_117' title='bbox 1887 1739 2049 1806; x_wconf 89' lang='lat' dir='ltr'>lucis</span> <span class='ocrx_word' id='word_1_118' title='bbox 2092 1744 2231 1807; x_wconf 89' lang='lat' dir='ltr'>iter.</span> 
     </span>
    </p>

    <p class='ocr_par' dir='ltr' id='par_1_7' title="bbox 411 1823 2055 1911">
     <span class='ocr_line' id='line_1_17' title="bbox 411 1823 2055 1911; baseline -0.001 -21"><span class='ocrx_word' id='word_1_119' title='bbox 411 1823 597 1890; x_wconf 87' lang='lat' dir='ltr'>Felix</span> <span class='ocrx_word' id='word_1_120' title='bbox 660 1845 827 1910; x_wconf 89' lang='lat' dir='ltr'>quae</span> <span class='ocrx_word' id='word_1_121' title='bbox 869 1824 1059 1890; x_wconf 88' lang='lat' dir='ltr'>tantis</span> <span class='ocrx_word' id='word_1_122' title='bbox 1103 1825 1444 1907; x_wconf 87' lang='lat' dir='ltr'>decoraris,</span> <span class='ocrx_word' id='word_1_123' title='bbox 1491 1823 1721 1907; x_wconf 85' lang='lat' dir='ltr'>Gallia,</span> <span class='ocrx_word' id='word_1_124' title='bbox 1764 1826 2055 1911; x_wconf 85' lang='lat' dir='ltr'>gemmis,</span> 
     </span>
    </p>

    <p class='ocr_par' dir='ltr' id='par_1_8' title="bbox 578 1874 2065 1994">
     <span class='ocr_line' id='line_1_18' title="bbox 578 1874 2065 1994; baseline 0.001 -22"><span class='ocrx_word' id='word_1_125' title='bbox 578 1874 853 1973; x_wconf 52' lang='lat' dir='ltr'>flumine</span> <span class='ocrx_word' id='word_1_126' title='bbox 897 1907 978 1973; x_wconf 93' lang='lat' dir='ltr'>de</span> <span class='ocrx_word' id='word_1_127' title='bbox 1022 1929 1294 1994; x_wconf 91' lang='lat' dir='ltr'>quarum</span> <span class='ocrx_word' id='word_1_128' title='bbox 1334 1931 1468 1974; x_wconf 91' lang='lat' dir='ltr'>nox</span> <span class='ocrx_word' id='word_1_129' title='bbox 1511 1908 1630 1974; x_wconf 88' lang='lat' dir='ltr'>tibi</span> <span class='ocrx_word' id='word_1_130' title='bbox 1673 1918 1838 1975; x_wconf 89' lang='lat' dir='ltr'>tetra</span> <span class='ocrx_word' id='word_1_131' title='bbox 1877 1909 2065 1994; x_wconf 87' lang='lat' dir='ltr'>fugit.</span> 
     </span>
    </p>

    <p class='ocr_par' dir='ltr' id='par_1_9' title="bbox 410 1991 2685 2079">
     <span class='ocr_line' id='line_1_19' title="bbox 410 1991 2685 2079; baseline 0.003 -24"><span class='ocrx_word' id='word_1_132' title='bbox 410 1991 593 2056; x_wconf 80' lang='lat' dir='ltr'>*Hos</span> <span class='ocrx_word' id='word_1_133' title='bbox 635 1991 956 2057; x_wconf 91' lang='lat' dir='ltr'>modicos¹</span> <span class='ocrx_word' id='word_1_134' title='bbox 1009 2013 1191 2078; x_wconf 91' lang='lat' dir='ltr'>prom</span> <span class='ocrx_word' id='word_1_135' title='bbox 1243 1993 1298 2057; x_wconf 92' lang='lat' dir='ltr'>si</span> <span class='ocrx_word' id='word_1_136' title='bbox 1339 1991 1592 2079; x_wconf 92' lang='lat' dir='ltr'>plebeio</span> <span class='ocrx_word' id='word_1_137' title='bbox 1638 1993 1918 2058; x_wconf 87' lang='lat' dir='ltr'>carmine</span> <span class='ocrx_word' id='word_1_138' title='bbox 1960 2015 2202 2076; x_wconf 91' lang='lat' dir='ltr'>versus,</span> <span class='ocrx_word' id='word_1_139' title='bbox 2504 2007 2579 2061; x_wconf 78' lang='lat'>⁶1&gt;-</span> <span class='ocrx_word' id='word_1_140' title='bbox 2673 2038 2685 2052; x_wconf 90' lang='lat'><strong>·</strong></span> 
     </span>
    </p>

    <p class='ocr_par' dir='ltr' id='par_1_10' title="bbox 408 2075 2273 2329">
     <span class='ocr_line' id='line_1_20' title="bbox 578 2075 2104 2162; baseline -0.001 -21"><span class='ocrx_word' id='word_1_141' title='bbox 578 2075 676 2141; x_wconf 89' lang='lat' dir='ltr'>Ne</span> <span class='ocrx_word' id='word_1_142' title='bbox 719 2085 866 2141; x_wconf 81' lang='lat' dir='ltr'>tuus</span> <span class='ocrx_word' id='word_1_143' title='bbox 908 2075 975 2139; x_wconf 90' lang='lat' dir='ltr'>in</span> <span class='ocrx_word' id='word_1_144' title='bbox 1018 2097 1148 2162; x_wconf 89' lang='lat' dir='ltr'>pop</span> <span class='ocrx_word' id='word_1_145' title='bbox 1220 2077 1292 2159; x_wconf 91' lang='lat' dir='ltr'>is,</span> <span class='ocrx_word' id='word_1_146' title='bbox 1338 2086 1575 2159; x_wconf 88' lang='lat' dir='ltr'>sancte,</span> <span class='ocrx_word' id='word_1_147' title='bbox 1617 2075 2104 2142; x_wconf 82' lang='lat' dir='ltr'>laterethonor.</span> 
     </span>
     <span class='ocr_line' id='line_1_21' title="bbox 408 2158 2273 2248; baseline 0 -24"><span class='ocrx_word' id='word_1_148' title='bbox 408 2158 631 2224; x_wconf 86' lang='lat' dir='ltr'>Redde</span> <span class='ocrx_word' id='word_1_149' title='bbox 673 2160 882 2224; x_wconf 92' lang='lat' dir='ltr'>vicem</span> <span class='ocrx_word' id='word_1_150' title='bbox 924 2160 1191 2225; x_wconf 86' lang='lat' dir='ltr'>misero:</span> <span class='ocrx_word' id='word_1_151' title='bbox 1236 2181 1316 2224; x_wconf 87' lang='lat' dir='ltr'>ne</span> <span class='ocrx_word' id='word_1_152' title='bbox 1358 2160 1570 2225; x_wconf 89' lang='lat' dir='ltr'>iudice</span> <span class='ocrx_word' id='word_1_153' title='bbox 1614 2181 1879 2248; x_wconf 88' lang='lat' dir='ltr'>spernar</span> <span class='ocrx_word' id='word_1_154' title='bbox 1921 2159 2003 2225; x_wconf 89' lang='lat' dir='ltr'>ab</span> <span class='ocrx_word' id='word_1_155' title='bbox 2047 2181 2273 2246; x_wconf 89' lang='lat' dir='ltr'>aequo,</span> 
     </span>
     <span class='ocr_line' id='line_1_22' title="bbox 575 2242 2008 2329; baseline -0.001 -22"><span class='ocrx_word' id='word_1_156' title='bbox 575 2243 912 2307; x_wconf 79' lang='lat' dir='ltr'>Eximiism</span> <span class='ocrx_word' id='word_1_157' title='bbox 956 2244 1199 2308; x_wconf 90' lang='lat' dir='ltr'>meritis</span> <span class='ocrx_word' id='word_1_158' title='bbox 1242 2264 1458 2329; x_wconf 88' lang='lat' dir='ltr'>posce,</span> <span class='ocrx_word' id='word_1_159' title='bbox 1500 2242 1716 2309; x_wconf 86' lang='lat' dir='ltr'>beate!</span> <span class='ocrx_word' id='word_1_160' title='bbox 1760 2264 2008 2329; x_wconf 85' lang='lat' dir='ltr'>precor.</span> 
     </span>
    </p>

    <p class='ocr_par' dir='ltr' id='par_1_11' title="bbox 238 2326 2485 2559">
     <span class='ocr_line' id='line_1_23' title="bbox 410 2326 2483 2413; baseline 0.001 -23"><span class='ocrx_word' id='word_1_161' title='bbox 410 2326 591 2392; x_wconf 90' lang='lat' dir='ltr'>Haec</span> <span class='ocrx_word' id='word_1_162' title='bbox 632 2327 856 2413; x_wconf 90' lang='lat' dir='ltr'>paucis</span> <span class='ocrx_word' id='word_1_163' title='bbox 899 2327 980 2393; x_wconf 89' lang='lat' dir='ltr'>de</span> <span class='ocrx_word' id='word_1_164' title='bbox 1036 2336 1212 2392; x_wconf 85' lang='lat' dir='ltr'>tanto</span> <span class='ocrx_word' id='word_1_165' title='bbox 1276 2329 1452 2410; x_wconf 90' lang='lat' dir='ltr'>viro,</span> <span class='ocrx_word' id='word_1_166' title='bbox 1506 2349 1586 2392; x_wconf 90' lang='lat' dir='ltr'>ne</span> <span class='ocrx_word' id='word_1_167' title='bbox 1651 2328 1788 2393; x_wconf 89' lang='lat' dir='ltr'>eius</span> <span class='ocrx_word' id='word_1_168' title='bbox 1852 2328 2050 2391; x_wconf 89' lang='lat' dir='ltr'>vitam</span> <span class='ocrx_word' id='word_1_169' title='bbox 2116 2327 2260 2391; x_wconf 72' lang='lat' dir='ltr'>sui¹¹</span> <span class='ocrx_word' id='word_1_170' title='bbox 2312 2328 2483 2393; x_wconf 90' lang='lat' dir='ltr'>cives</span> 
     </span>
     <span class='ocr_line' id='line_1_24' title="bbox 239 2408 2485 2495; baseline 0 -22"><span class='ocrx_word' id='word_1_171' title='bbox 239 2408 529 2475; x_wconf 86' lang='lat' dir='ltr'>funditus</span> <span class='ocrx_word' id='word_1_172' title='bbox 581 2411 975 2495; x_wconf 86' lang='lat' dir='ltr'>ignorarent,</span> <span class='ocrx_word' id='word_1_173' title='bbox 1036 2409 1490 2494; x_wconf 90' lang='lat' dir='ltr'>delibavimus;</span> <span class='ocrx_word' id='word_1_174' title='bbox 1542 2433 1714 2475; x_wconf 90' lang='lat' dir='ltr'>nunc</span> <span class='ocrx_word' id='word_1_175' title='bbox 1756 2409 1841 2475; x_wconf 91' lang='lat' dir='ltr'>ad</span> <span class='ocrx_word' id='word_1_176' title='bbox 1896 2408 2197 2475; x_wconf 90' lang='lat' dir='ltr'>historiae</span> <span class='ocrx_word' id='word_1_177' title='bbox 2256 2411 2485 2476; x_wconf 90' lang='lat' dir='ltr'>seriem</span> 
     </span>
     <span class='ocr_line' id='line_1_25' title="bbox 238 2502 651 2559; baseline 0 -1"><span class='ocrx_word' id='word_1_178' title='bbox 238 2502 651 2559; x_wconf 88' lang='lat' dir='ltr'>revertamur.</span> 
     </span>
    </p>

    <p class='ocr_par' dir='ltr' id='par_1_12' title="bbox 236 2574 2602 2832">
     <span class='ocr_line' id='line_1_26' title="bbox 411 2574 2602 2678; baseline 0.003 -37"><span class='ocrx_word' id='word_1_179' title='bbox 411 2577 509 2642; x_wconf 88' lang='lat'>14.</span> <span class='ocrx_word' id='word_1_180' title='bbox 594 2578 842 2678; x_wconf 78' lang='lat' dir='ltr'>Igitur⁰</span> <span class='ocrx_word' id='word_1_181' title='bbox 873 2574 1108 2643; x_wconf 91' lang='lat' dir='ltr'>Alboin</span> <span class='ocrx_word' id='word_1_182' title='bbox 1139 2577 1543 2646; x_wconf 89' lang='lat' dir='ltr'>Vincentiam</span> <span class='ocrx_word' id='word_1_183' title='bbox 1561 2589 1590 2631; x_wconf 71' lang='grc' dir='ltr'><strong>Ρ</strong></span> <span class='ocrx_word' id='word_1_184' title='bbox 1635 2577 2084 2664; x_wconf 88' lang='lat' dir='ltr'>Veronamque</span> <span class='ocrx_word' id='word_1_185' title='bbox 2114 2587 2178 2643; x_wconf 93' lang='lat' dir='ltr'>et</span> <span class='ocrx_word' id='word_1_186' title='bbox 2206 2575 2483 2664; x_wconf 88' lang='lat' dir='ltr'>reliquas</span> <span class='ocrx_word' id='word_1_187' title='bbox 2503 2605 2602 2648; x_wconf 71' lang='lat' dir='ltr'>soe.</span> 
     </span>
     <span class='ocr_line' id='line_1_27' title="bbox 236 2660 2486 2749; baseline 0 -24"><span class='ocrx_word' id='word_1_188' title='bbox 236 2660 547 2727; x_wconf 87' lang='lat' dir='ltr'>Venetiae</span> <span class='ocrx_word' id='word_1_189' title='bbox 591 2662 900 2745; x_wconf 85' lang='lat' dir='ltr'>c1vitates,</span> <span class='ocrx_word' id='word_1_190' title='bbox 959 2662 1288 2749; x_wconf 74' lang='lat' dir='ltr'>exceptis‘l</span> <span class='ocrx_word' id='word_1_191' title='bbox 1330 2662 1668 2727; x_wconf 87' lang='lat' dir='ltr'>Patavium</span> <span class='ocrx_word' id='word_1_192' title='bbox 1686 2674 1709 2704; x_wconf 64' lang='lat' dir='ltr'>f</span> <span class='ocrx_word' id='word_1_193' title='bbox 1752 2671 1815 2727; x_wconf 91' lang='lat' dir='ltr'>et</span> <span class='ocrx_word' id='word_1_194' title='bbox 1855 2660 2337 2728; x_wconf 89' lang='lat' dir='ltr'>Montemsilicis</span> <span class='ocrx_word' id='word_1_195' title='bbox 2355 2673 2377 2705; x_wconf 78' lang='lat'><strong>⁸</strong></span> <span class='ocrx_word' id='word_1_196' title='bbox 2423 2670 2486 2727; x_wconf 91' lang='lat' dir='ltr'>et</span> 
     </span>
     <span class='ocr_line' id='line_1_28' title="bbox 237 2744 2483 2832; baseline 0 -23"><span class='ocrx_word' id='word_1_197' title='bbox 237 2744 570 2810; x_wconf 91' lang='lat' dir='ltr'>Mantuam</span> <span class='ocrx_word' id='word_1_198' title='bbox 583 2749 625 2829; x_wconf 72' lang='lat'>*,</span> <span class='ocrx_word' id='word_1_199' title='bbox 674 2747 863 2832; x_wconf 88' lang='lat' dir='ltr'>cepit.</span> <span class='ocrx_word' id='word_1_200' title='bbox 930 2745 1237 2812; x_wconf 73' lang='lat' dir='ltr'>Venetia‘</span> <span class='ocrx_word' id='word_1_201' title='bbox 1265 2746 1436 2812; x_wconf 92' lang='lat' dir='ltr'>enim</span> <span class='ocrx_word' id='word_1_202' title='bbox 1465 2767 1596 2810; x_wconf 92' lang='lat' dir='ltr'>non</span> <span class='ocrx_word' id='word_1_203' title='bbox 1627 2745 1833 2810; x_wconf 91' lang='lat' dir='ltr'>solum</span> <span class='ocrx_word' id='word_1_204' title='bbox 1862 2747 1930 2809; x_wconf 91' lang='lat' dir='ltr'>in</span> <span class='ocrx_word' id='word_1_205' title='bbox 1971 2748 2197 2832; x_wconf 90' lang='lat' dir='ltr'>paucis</span> <span class='ocrx_word' id='word_1_206' title='bbox 2239 2744 2483 2828; x_wconf 75' lang='lat' dir='ltr'>insuIiS,</span> 
     </span>
    </p>
   </div>
   <div class='ocr_carea' id='block_1_3' title="bbox 312 2869 2484 3158">
    <p class='ocr_par' dir='ltr' id='par_1_13' title="bbox 312 2869 2484 3158">
     <span class='ocr_line' id='line_1_29' title="bbox 312 2869 2484 2941; baseline 0.002 -21"><span class='ocrx_word' id='word_1_207' title='bbox 312 2869 362 2939; x_wconf 72' lang='lat'>¹⁸²)</span> <span class='ocrx_word' id='word_1_208' title='bbox 400 2870 448 2920; x_wconf 93' lang='lat' dir='ltr'><em>L</em></span> <span class='ocrx_word' id='word_1_209' title='bbox 491 2873 517 2920; x_wconf 88' lang='lat'><strong>1</strong></span> <span class='ocrx_word' id='word_1_210' title='bbox 562 2870 745 2923; x_wconf 77' lang='lat' dir='ltr'>addit:</span> <span class='ocrx_word' id='word_1_211' title='bbox 802 2873 1027 2924; x_wconf 81' lang='lat' dir='ltr'>Mantua</span> <span class='ocrx_word' id='word_1_212' title='bbox 1083 2874 1300 2941; x_wconf 83' lang='lat' dir='ltr'>accepit</span> <span class='ocrx_word' id='word_1_213' title='bbox 1353 2889 1549 2925; x_wconf 89' lang='lat' dir='ltr'>nomen</span> <span class='ocrx_word' id='word_1_214' title='bbox 1605 2888 1639 2924; x_wconf 85' lang='lat' dir='ltr'>a</span> <span class='ocrx_word' id='word_1_215' title='bbox 1676 2872 1789 2924; x_wconf 85' lang='lat' dir='ltr'>filia</span> <span class='ocrx_word' id='word_1_216' title='bbox 1825 2873 2096 2934; x_wconf 86' lang='lat' dir='ltr'>Teresiae,</span> <span class='ocrx_word' id='word_1_217' title='bbox 2154 2889 2258 2940; x_wconf 90' lang='lat' dir='ltr'>que</span> <span class='ocrx_word' id='word_1_218' title='bbox 2296 2873 2484 2924; x_wconf 86' lang='lat' dir='ltr'>habuit</span> 
     </span>
     <span class='ocr_line' id='line_1_30' title="bbox 385 2946 2484 3013; baseline 0 -18"><span class='ocrx_word' id='word_1_219' title='bbox 385 2961 579 2997; x_wconf 88' lang='lat' dir='ltr'>nomen</span> <span class='ocrx_word' id='word_1_220' title='bbox 615 2946 857 3008; x_wconf 81' lang='lat' dir='ltr'>Mantua,</span> <span class='ocrx_word' id='word_1_221' title='bbox 898 2952 951 2997; x_wconf 88' lang='lat' dir='ltr'>et</span> <span class='ocrx_word' id='word_1_222' title='bbox 987 2946 1087 2998; x_wconf 83' lang='lat' dir='ltr'>fuit</span> <span class='ocrx_word' id='word_1_223' title='bbox 1107 2961 1173 2997; x_wconf 84' lang='lat' dir='ltr'>ex</span> <span class='ocrx_word' id='word_1_224' title='bbox 1211 2962 1412 3013; x_wconf 80' lang='lat' dir='ltr'>genere</span> <span class='ocrx_word' id='word_1_225' title='bbox 1449 2946 1846 3008; x_wconf 85' lang='lat' dir='ltr'>Thebanorum,</span> <span class='ocrx_word' id='word_1_226' title='bbox 1887 2952 1940 2998; x_wconf 82' lang='lat' dir='ltr'>et</span> <span class='ocrx_word' id='word_1_227' title='bbox 1980 2962 2102 2999; x_wconf 88' lang='lat' dir='ltr'>cum</span> <span class='ocrx_word' id='word_1_228' title='bbox 2139 2947 2377 2999; x_wconf 86' lang='lat' dir='ltr'>venisset</span> <span class='ocrx_word' id='word_1_229' title='bbox 2414 2946 2484 2997; x_wconf 87' lang='lat' dir='ltr'>ad</span> 
     </span>
     <span class='ocr_line' id='line_1_31' title="bbox 382 3017 2484 3158; baseline 0.001 -90"><span class='ocrx_word' id='word_1_230' title='bbox 382 3017 639 3158; x_wconf 49' lang='grc' dir='ltr'>ξι1;ιξι11)ἰθεὶι1ιὲ,ν</span> <span class='ocrx_word' id='word_1_231' title='bbox 643 3019 786 3142; x_wconf 52' lang='lat' dir='ltr'>i{ecit</span> <span class='ocrx_word' id='word_1_232' title='bbox 824 3019 1095 3071; x_wconf 86' lang='lat' dir='ltr'>civitatem</span> <span class='ocrx_word' id='word_1_233' title='bbox 1132 3021 1188 3070; x_wconf 88' lang='lat' dir='ltr'>in</span> <span class='ocrx_word' id='word_1_234' title='bbox 1228 3020 1475 3084; x_wconf 85' lang='lat' dir='ltr'>Venetia,</span> <span class='ocrx_word' id='word_1_235' title='bbox 1516 3035 1676 3086; x_wconf 88' lang='lat' dir='ltr'>quam</span> <span class='ocrx_word' id='word_1_236' title='bbox 1714 3020 1782 3070; x_wconf 87' lang='lat' dir='ltr'>de</span> <span class='ocrx_word' id='word_1_237' title='bbox 1819 3020 2034 3072; x_wconf 89' lang='lat' dir='ltr'>nomine</span> <span class='ocrx_word' id='word_1_238' title='bbox 2072 3035 2168 3072; x_wconf 87' lang='lat' dir='ltr'>suo</span> <span class='ocrx_word' id='word_1_239' title='bbox 2206 3019 2484 3071; x_wconf 83' lang='lat' dir='ltr'>Mantuam</span> 
     </span>
    </p>
   </div>
   <div class='ocr_carea' id='block_1_4' title="bbox 231 3196 2486 4136">
    <p class='ocr_par' dir='ltr' id='par_1_14' title="bbox 231 3196 2486 4136">
     <span class='ocr_line' id='line_1_32' title="bbox 238 3196 2484 3255; baseline 0 -15"><span class='ocrx_word' id='word_1_240' title='bbox 238 3197 288 3252; x_wconf 80' lang='lat' dir='ltr'>a)</span> <span class='ocrx_word' id='word_1_241' title='bbox 318 3200 369 3240; x_wconf 86' lang='lat' dir='ltr'>in</span> <span class='ocrx_word' id='word_1_242' title='bbox 399 3201 563 3242; x_wconf 87' lang='lat' dir='ltr'>eadem</span> <span class='ocrx_word' id='word_1_243' title='bbox 594 3200 678 3243; x_wconf 69' lang='lat' dir='ltr'>des.</span> <span class='ocrx_word' id='word_1_244' title='bbox 712 3196 832 3242; x_wconf 74' lang='lat' dir='ltr'>G&#39;b.</span> <span class='ocrx_word' id='word_1_245' title='bbox 867 3221 920 3230; x_wconf 93' lang='lat'>—</span> <span class='ocrx_word' id='word_1_246' title='bbox 956 3201 1187 3242; x_wconf 80' lang='lat' dir='ltr'>civitatem</span> <span class='ocrx_word' id='word_1_247' title='bbox 1220 3200 1260 3241; x_wconf 87' lang='lat' dir='ltr'>A</span> <span class='ocrx_word' id='word_1_248' title='bbox 1291 3202 1334 3242; x_wconf 89' lang='grc'>2.</span> <span class='ocrx_word' id='word_1_249' title='bbox 1368 3202 1411 3241; x_wconf 90' lang='lat' dir='ltr'>D</span> <span class='ocrx_word' id='word_1_250' title='bbox 1443 3204 1483 3244; x_wconf 84' lang='lat'>1.</span> <span class='ocrx_word' id='word_1_251' title='bbox 1514 3202 1553 3241; x_wconf 68' lang='grc' dir='ltr'>Γ</span> <span class='ocrx_word' id='word_1_252' title='bbox 1583 3203 1607 3243; x_wconf 89' lang='grc'><strong>1</strong></span> <span class='ocrx_word' id='word_1_253' title='bbox 1645 3200 1780 3255; x_wconf 75' lang='lat' dir='ltr'>(quod</span> <span class='ocrx_word' id='word_1_254' title='bbox 1797 3202 1996 3251; x_wconf 70' lang='lat' dir='ltr'>sortasse</span> <span class='ocrx_word' id='word_1_255' title='bbox 2026 3202 2314 3252; x_wconf 71' lang='lat' dir='ltr'>recipiendum</span> <span class='ocrx_word' id='word_1_256' title='bbox 2344 3198 2484 3253; x_wconf 57' lang='lat' dir='ltr'>crath</span> 
     </span>
     <span class='ocr_line' id='line_1_33' title="bbox 238 3257 2486 3312; baseline 0 -12"><span class='ocrx_word' id='word_1_257' title='bbox 238 3259 434 3300; x_wconf 82' lang='lat' dir='ltr'>eandem</span> <span class='ocrx_word' id='word_1_258' title='bbox 465 3260 701 3300; x_wconf 81' lang='lat' dir='ltr'>civitatem</span> <span class='ocrx_word' id='word_1_259' title='bbox 733 3259 768 3301; x_wconf 81' lang='grc' dir='ltr'>Ο</span> <span class='ocrx_word' id='word_1_260' title='bbox 801 3258 843 3301; x_wconf 87' lang='grc'>2.</span> <span class='ocrx_word' id='word_1_261' title='bbox 937 3257 984 3310; x_wconf 85' lang='lat' dir='ltr'>b)</span> <span class='ocrx_word' id='word_1_262' title='bbox 1015 3260 1111 3300; x_wconf 86' lang='lat' dir='ltr'>vita</span> <span class='ocrx_word' id='word_1_263' title='bbox 1139 3260 1177 3299; x_wconf 70' lang='grc' dir='ltr'><strong>Γ</strong></span> <span class='ocrx_word' id='word_1_264' title='bbox 1211 3261 1251 3302; x_wconf 99' lang='grc'>1.</span> <span class='ocrx_word' id='word_1_265' title='bbox 1347 3258 1388 3312; x_wconf 91' lang='lat' dir='ltr'>c)</span> <span class='ocrx_word' id='word_1_266' title='bbox 1422 3262 1680 3311; x_wconf 75' lang='lat' dir='ltr'>composuit</span> <span class='ocrx_word' id='word_1_267' title='bbox 1713 3260 1754 3302; x_wconf 99' lang='lat' dir='ltr'><strong>G</strong></span> <span class='ocrx_word' id='word_1_268' title='bbox 1786 3263 1837 3311; x_wconf 76' lang='lat'>23</span> <span class='ocrx_word' id='word_1_269' title='bbox 1880 3262 2099 3302; x_wconf 85' lang='lat' dir='ltr'>contexui</span> <span class='ocrx_word' id='word_1_270' title='bbox 2129 3262 2165 3300; x_wconf 83' lang='lat' dir='ltr'><strong>F</strong></span> <span class='ocrx_word' id='word_1_271' title='bbox 2199 3262 2238 3301; x_wconf 86' lang='lat'>1.</span> <span class='ocrx_word' id='word_1_272' title='bbox 2332 3258 2379 3311; x_wconf 93' lang='lat' dir='ltr'>d)</span> <span class='ocrx_word' id='word_1_273' title='bbox 2398 3261 2486 3300; x_wconf 84' lang='lat' dir='ltr'>dis·</span> 
     </span>
     <span class='ocr_line' id='line_1_34' title="bbox 238 3317 2481 3371; baseline 0 -13"><span class='ocrx_word' id='word_1_274' title='bbox 238 3320 363 3359; x_wconf 80' lang='lat' dir='ltr'>serto</span> <span class='ocrx_word' id='word_1_275' title='bbox 409 3329 430 3357; x_wconf 77' lang='lat' dir='ltr'>e</span> <span class='ocrx_word' id='word_1_276' title='bbox 473 3329 592 3359; x_wconf 82' lang='lat' dir='ltr'>corr.</span> <span class='ocrx_word' id='word_1_277' title='bbox 624 3317 666 3358; x_wconf 97' lang='lat' dir='ltr'>A</span> <span class='ocrx_word' id='word_1_278' title='bbox 698 3318 738 3369; x_wconf 79' lang='lat'>1,</span> <span class='ocrx_word' id='word_1_279' title='bbox 785 3322 822 3357; x_wconf 76' lang='lat' dir='ltr'>ee</span> <span class='ocrx_word' id='word_1_280' title='bbox 867 3317 931 3358; x_wconf 69' lang='lat' dir='ltr'>ita</span> <span class='ocrx_word' id='word_1_281' title='bbox 975 3319 1012 3357; x_wconf 78' lang='lat' dir='ltr'><strong>F</strong></span> <span class='ocrx_word' id='word_1_282' title='bbox 1047 3319 1085 3361; x_wconf 86' lang='lat'>1.</span> <span class='ocrx_word' id='word_1_283' title='bbox 1123 3318 1164 3360; x_wconf 99' lang='lat' dir='ltr'><strong>G</strong></span> <span class='ocrx_word' id='word_1_284' title='bbox 1197 3320 1236 3361; x_wconf 90' lang='grc'>2.</span> <span class='ocrx_word' id='word_1_285' title='bbox 1269 3318 1310 3358; x_wconf 78' lang='grc'>8.</span> <span class='ocrx_word' id='word_1_286' title='bbox 1343 3319 1366 3358; x_wconf 92' lang='lat'>1</span> <span class='ocrx_word' id='word_1_287' title='bbox 1398 3319 1449 3368; x_wconf 69' lang='grc' dir='ltr'>ὃς</span> <span class='ocrx_word' id='word_1_288' title='bbox 1496 3320 1690 3360; x_wconf 80' lang='lat' dir='ltr'>disserte</span> <span class='ocrx_word' id='word_1_289' title='bbox 1723 3330 1762 3361; x_wconf 89' lang='lat' dir='ltr'>c.</span> <span class='ocrx_word' id='word_1_290' title='bbox 1797 3318 1839 3360; x_wconf 86' lang='lat' dir='ltr'><strong>G</strong></span> <span class='ocrx_word' id='word_1_291' title='bbox 1868 3320 1910 3359; x_wconf 88' lang='lat'>4.</span> <span class='ocrx_word' id='word_1_292' title='bbox 2063 3317 2108 3371; x_wconf 92' lang='lat' dir='ltr'>e)</span> <span class='ocrx_word' id='word_1_293' title='bbox 2142 3320 2335 3369; x_wconf 73' lang='lat' dir='ltr'>gratiam</span> <span class='ocrx_word' id='word_1_294' title='bbox 2367 3319 2408 3360; x_wconf 90' lang='lat' dir='ltr'>A</span> <span class='ocrx_word' id='word_1_295' title='bbox 2441 3320 2481 3359; x_wconf 90' lang='grc'>2.</span> 
     </span>
     <span class='ocr_line' id='line_1_35' title="bbox 236 3367 2479 3432; baseline 0 -16"><span class='ocrx_word' id='word_1_296' title='bbox 236 3378 275 3416; x_wconf 74' lang='lat' dir='ltr'><strong><em>F</em></strong></span> <span class='ocrx_word' id='word_1_297' title='bbox 308 3377 350 3418; x_wconf 88' lang='grc'>1.</span> <span class='ocrx_word' id='word_1_298' title='bbox 385 3376 426 3418; x_wconf 99' lang='lat' dir='ltr'><strong>G</strong></span> <span class='ocrx_word' id='word_1_299' title='bbox 457 3378 498 3419; x_wconf 79' lang='lat'>8.</span> <span class='ocrx_word' id='word_1_300' title='bbox 530 3377 572 3416; x_wconf 94' lang='lat'>4.</span> <span class='ocrx_word' id='word_1_301' title='bbox 695 3375 733 3429; x_wconf 68' lang='grc' dir='ltr'>ἰ)</span> <span class='ocrx_word' id='word_1_302' title='bbox 766 3377 824 3417; x_wconf 86' lang='lat' dir='ltr'>ab</span> <span class='ocrx_word' id='word_1_303' title='bbox 856 3377 983 3427; x_wconf 84' lang='lat' dir='ltr'>Aper</span> <span class='ocrx_word' id='word_1_304' title='bbox 1012 3376 1053 3416; x_wconf 90' lang='lat' dir='ltr'>A</span> <span class='ocrx_word' id='word_1_305' title='bbox 1086 3375 1159 3427; x_wconf 76' lang='lat'>‘83</span> <span class='ocrx_word' id='word_1_306' title='bbox 1207 3388 1235 3419; x_wconf 86' lang='lat' dir='ltr'>a</span> <span class='ocrx_word' id='word_1_307' title='bbox 1263 3367 1378 3427; x_wconf 56' lang='lat'>35³0</span> <span class='ocrx_word' id='word_1_308' title='bbox 1412 3376 1707 3432; x_wconf 83' lang='lat' dir='ltr'>(presbitero)</span> <span class='ocrx_word' id='word_1_309' title='bbox 1742 3376 1783 3417; x_wconf 90' lang='lat' dir='ltr'>A</span> <span class='ocrx_word' id='word_1_310' title='bbox 1814 3378 1866 3427; x_wconf 69' lang='grc' dir='ltr'>ὃς</span> <span class='ocrx_word' id='word_1_311' title='bbox 1916 3389 2088 3418; x_wconf 73' lang='lat' dir='ltr'>erasum</span> <span class='ocrx_word' id='word_1_312' title='bbox 2117 3379 2155 3418; x_wconf 89' lang='lat' dir='ltr'><strong>B</strong></span> <span class='ocrx_word' id='word_1_313' title='bbox 2178 3381 2216 3419; x_wconf 88' lang='lat'>1.</span> <span class='ocrx_word' id='word_1_314' title='bbox 2247 3378 2290 3417; x_wconf 93' lang='lat' dir='ltr'>D</span> <span class='ocrx_word' id='word_1_315' title='bbox 2323 3378 2365 3419; x_wconf 93' lang='lat'>4.</span> <span class='ocrx_word' id='word_1_316' title='bbox 2398 3378 2435 3416; x_wconf 76' lang='lat' dir='ltr'><strong>F</strong></span> <span class='ocrx_word' id='word_1_317' title='bbox 2458 3381 2479 3417; x_wconf 89' lang='lat'>1</span> 
     </span>
     <span class='ocr_line' id='line_1_36' title="bbox 237 3433 2482 3489; baseline -0 -13"><span class='ocrx_word' id='word_1_318' title='bbox 237 3433 462 3489; x_wconf 82' lang='lat' dir='ltr'>(abbapro</span> <span class='ocrx_word' id='word_1_319' title='bbox 492 3447 607 3476; x_wconf 78' lang='lat' dir='ltr'>corr.</span> <span class='ocrx_word' id='word_1_320' title='bbox 641 3433 745 3488; x_wconf 83' lang='lat' dir='ltr'>ab);</span> <span class='ocrx_word' id='word_1_321' title='bbox 784 3436 894 3475; x_wconf 75' lang='lat' dir='ltr'>deest</span> <span class='ocrx_word' id='word_1_322' title='bbox 926 3436 960 3477; x_wconf 88' lang='grc' dir='ltr'>Ο</span> <span class='ocrx_word' id='word_1_323' title='bbox 992 3436 1065 3476; x_wconf 83' lang='lat' dir='ltr'>4b.</span> <span class='ocrx_word' id='word_1_324' title='bbox 1098 3437 1141 3476; x_wconf 90' lang='lat' dir='ltr'>D</span> <span class='ocrx_word' id='word_1_325' title='bbox 1176 3437 1217 3478; x_wconf 86' lang='grc'>2.</span> <span class='ocrx_word' id='word_1_326' title='bbox 1250 3437 1274 3477; x_wconf 88' lang='grc' dir='ltr'>Ι</span> <span class='ocrx_word' id='word_1_327' title='bbox 1306 3438 1377 3478; x_wconf 84' lang='lat' dir='ltr'>lb.</span> <span class='ocrx_word' id='word_1_328' title='bbox 1413 3437 1463 3486; x_wconf 78' lang='lat'>83</span> <span class='ocrx_word' id='word_1_329' title='bbox 1511 3436 1799 3487; x_wconf 80' lang='lat' dir='ltr'>epitaphium</span> <span class='ocrx_word' id='word_1_330' title='bbox 1830 3436 1971 3476; x_wconf 84' lang='lat' dir='ltr'>abbas</span> <span class='ocrx_word' id='word_1_331' title='bbox 2001 3435 2115 3488; x_wconf 78' lang='lat' dir='ltr'>(post</span> <span class='ocrx_word' id='word_1_332' title='bbox 2144 3436 2286 3486; x_wconf 72' lang='lat' dir='ltr'>suppl.</span> <span class='ocrx_word' id='word_1_333' title='bbox 2321 3433 2366 3487; x_wconf 83' lang='grc'>6)</span> <span class='ocrx_word' id='word_1_334' title='bbox 2398 3446 2482 3486; x_wconf 87' lang='lat' dir='ltr'>pro</span> 
     </span>
     <span class='ocr_line' id='line_1_37' title="bbox 237 3492 2481 3548; baseline 0 -13"><span class='ocrx_word' id='word_1_335' title='bbox 237 3504 281 3535; x_wconf 79' lang='lat' dir='ltr'>e.</span> <span class='ocrx_word' id='word_1_336' title='bbox 314 3494 405 3534; x_wconf 88' lang='lat' dir='ltr'>loci</span> <span class='ocrx_word' id='word_1_337' title='bbox 438 3495 655 3545; x_wconf 82' lang='lat' dir='ltr'>episcopo</span> <span class='ocrx_word' id='word_1_338' title='bbox 695 3505 782 3537; x_wconf 87' lang='lat' dir='ltr'>scr.</span> <span class='ocrx_word' id='word_1_339' title='bbox 829 3494 871 3535; x_wconf 78' lang='lat' dir='ltr'>A</span> <span class='ocrx_word' id='word_1_340' title='bbox 903 3494 946 3538; x_wconf 72' lang='grc' dir='ltr'>ὅ.</span> <span class='ocrx_word' id='word_1_341' title='bbox 980 3494 1028 3547; x_wconf 73' lang='lat'>63</span> <span class='ocrx_word' id='word_1_342' title='bbox 1064 3506 1100 3536; x_wconf 90' lang='lat' dir='ltr'>r.</span> <span class='ocrx_word' id='word_1_343' title='bbox 1131 3495 1188 3536; x_wconf 89' lang='lat' dir='ltr'>ab</span> <span class='ocrx_word' id='word_1_344' title='bbox 1219 3494 1307 3547; x_wconf 85' lang='lat' dir='ltr'>Ap.</span> <span class='ocrx_word' id='word_1_345' title='bbox 1341 3496 1424 3536; x_wconf 38' lang='lat' dir='ltr'>des&lt;</span> <span class='ocrx_word' id='word_1_346' title='bbox 1461 3495 1503 3536; x_wconf 96' lang='lat' dir='ltr'>A</span> <span class='ocrx_word' id='word_1_347' title='bbox 1536 3495 1592 3536; x_wconf 74' lang='lat'>512</span> <span class='ocrx_word' id='word_1_348' title='bbox 1640 3495 1757 3548; x_wconf 72' lang='lat' dir='ltr'>(pose</span> <span class='ocrx_word' id='word_1_349' title='bbox 1802 3492 1982 3546; x_wconf 58' lang='lat' dir='ltr'>suppa).</span> <span class='ocrx_word' id='word_1_350' title='bbox 2117 3492 2165 3545; x_wconf 75' lang='lat' dir='ltr'>g)</span> <span class='ocrx_word' id='word_1_351' title='bbox 2196 3503 2355 3533; x_wconf 74' lang='lat' dir='ltr'>novum</span> <span class='ocrx_word' id='word_1_352' title='bbox 2384 3504 2481 3544; x_wconf 77' lang='lat' dir='ltr'>cap.</span> 
     </span>
     <span class='ocr_line' id='line_1_38' title="bbox 235 3549 2484 3603; baseline 0 -11"><span class='ocrx_word' id='word_1_353' title='bbox 235 3553 320 3592; x_wconf 72' lang='lat' dir='ltr'>inc.</span> <span class='ocrx_word' id='word_1_354' title='bbox 353 3552 395 3593; x_wconf 86' lang='lat' dir='ltr'>A</span> <span class='ocrx_word' id='word_1_355' title='bbox 427 3553 469 3595; x_wconf 87' lang='grc'>2.</span> <span class='ocrx_word' id='word_1_356' title='bbox 502 3549 564 3593; x_wconf 70' lang='grc'><strong>’3.</strong></span> <span class='ocrx_word' id='word_1_357' title='bbox 615 3553 687 3593; x_wconf 88' lang='lat' dir='ltr'>Ad</span> <span class='ocrx_word' id='word_1_358' title='bbox 720 3554 850 3594; x_wconf 79' lang='lat' dir='ltr'>cuius</span> <span class='ocrx_word' id='word_1_359' title='bbox 896 3564 984 3603; x_wconf 72' lang='lat' dir='ltr'>ego</span> <span class='ocrx_word' id='word_1_360' title='bbox 1030 3554 1256 3594; x_wconf 83' lang='lat' dir='ltr'>tumulum</span> <span class='ocrx_word' id='word_1_361' title='bbox 1306 3575 1356 3584; x_wconf 94' lang='lat'>—</span> <span class='ocrx_word' id='word_1_362' title='bbox 1407 3554 1714 3595; x_wconf 77' lang='lat' dir='ltr'>delibavimus</span> <span class='ocrx_word' id='word_1_363' title='bbox 1761 3553 1845 3595; x_wconf 74' lang='lat' dir='ltr'>des.</span> <span class='ocrx_word' id='word_1_364' title='bbox 1889 3553 1931 3593; x_wconf 90' lang='lat' dir='ltr'>A</span> <span class='ocrx_word' id='word_1_365' title='bbox 1964 3550 2035 3601; x_wconf 76' lang='lat'>‘43</span> <span class='ocrx_word' id='word_1_366' title='bbox 2082 3562 2253 3592; x_wconf 75' lang='lat' dir='ltr'>carmen</span> <span class='ocrx_word' id='word_1_367' title='bbox 2284 3556 2321 3591; x_wconf 76' lang='lat' dir='ltr'>ee</span> <span class='ocrx_word' id='word_1_368' title='bbox 2353 3553 2484 3592; x_wconf 78' lang='lat' dir='ltr'>verba</span> 
     </span>
     <span class='ocr_line' id='line_1_39' title="bbox 234 3608 2480 3665; baseline -0 -14"><span class='ocrx_word' id='word_1_369' title='bbox 234 3611 366 3652; x_wconf 80' lang='lat' dir='ltr'>Haec</span> <span class='ocrx_word' id='word_1_370' title='bbox 390 3634 440 3642; x_wconf 93' lang='lat'><em>-</em></span> <span class='ocrx_word' id='word_1_371' title='bbox 461 3615 749 3653; x_wconf 82' lang='lat' dir='ltr'>revertamur</span> <span class='ocrx_word' id='word_1_372' title='bbox 780 3613 865 3655; x_wconf 74' lang='lat' dir='ltr'>dee.</span> <span class='ocrx_word' id='word_1_373' title='bbox 883 3613 935 3653; x_wconf 80' lang='lat' dir='ltr'>F.</span> <span class='ocrx_word' id='word_1_374' title='bbox 959 3611 1000 3653; x_wconf 90' lang='lat' dir='ltr'><strong>G</strong></span> <span class='ocrx_word' id='word_1_375' title='bbox 1022 3612 1087 3665; x_wconf 75' lang='lat' dir='ltr'>(in</span> <span class='ocrx_word' id='word_1_376' title='bbox 1103 3613 1222 3661; x_wconf 75' lang='lat' dir='ltr'>solio</span> <span class='ocrx_word' id='word_1_377' title='bbox 1252 3618 1403 3653; x_wconf 75' lang='lat' dir='ltr'>assuto</span> <span class='ocrx_word' id='word_1_378' title='bbox 1434 3612 1649 3662; x_wconf 70' lang='lat' dir='ltr'>supplevit</span> <span class='ocrx_word' id='word_1_379' title='bbox 1679 3616 1896 3652; x_wconf 71' lang='lat' dir='ltr'>corrector</span> <span class='ocrx_word' id='word_1_380' title='bbox 1926 3612 1963 3650; x_wconf 78' lang='lat' dir='ltr'><strong>F</strong></span> <span class='ocrx_word' id='word_1_381' title='bbox 1981 3608 2042 3662; x_wconf 93' lang='grc'><strong>2).</strong></span> <span class='ocrx_word' id='word_1_382' title='bbox 2132 3609 2180 3664; x_wconf 81' lang='lat' dir='ltr'>h)</span> <span class='ocrx_word' id='word_1_383' title='bbox 2210 3620 2382 3660; x_wconf 85' lang='lat' dir='ltr'>oreque</span> <span class='ocrx_word' id='word_1_384' title='bbox 2398 3610 2422 3650; x_wconf 90' lang='lat'>1</span> <span class='ocrx_word' id='word_1_385' title='bbox 2442 3612 2480 3650; x_wconf 88' lang='lat'>1.</span> 
     </span>
     <span class='ocr_line' id='line_1_40' title="bbox 234 3667 2485 3722; baseline 0 -13"><span class='ocrx_word' id='word_1_386' title='bbox 234 3669 402 3710; x_wconf 74' lang='lat' dir='ltr'>Paulus</span> <span class='ocrx_word' id='word_1_387' title='bbox 426 3671 735 3720; x_wconf 71' lang='lat' dir='ltr'>pronuntiavit</span> <span class='ocrx_word' id='word_1_388' title='bbox 764 3673 969 3712; x_wconf 85' lang='lat' dir='ltr'>su-a-vis.</span> <span class='ocrx_word' id='word_1_389' title='bbox 1092 3669 1126 3722; x_wconf 91' lang='lat' dir='ltr'>i)</span> <span class='ocrx_word' id='word_1_390' title='bbox 1162 3671 1412 3712; x_wconf 82' lang='lat' dir='ltr'>tumulatus</span> <span class='ocrx_word' id='word_1_391' title='bbox 1445 3671 1480 3712; x_wconf 86' lang='lat' dir='ltr'>C</span> <span class='ocrx_word' id='word_1_392' title='bbox 1515 3673 1554 3712; x_wconf 89' lang='lat'>1.</span> <span class='ocrx_word' id='word_1_393' title='bbox 1589 3672 1613 3711; x_wconf 92' lang='lat'>1</span> <span class='ocrx_word' id='word_1_394' title='bbox 1632 3672 1670 3712; x_wconf 87' lang='lat'>1.</span> <span class='ocrx_word' id='word_1_395' title='bbox 1793 3668 1842 3722; x_wconf 81' lang='lat' dir='ltr'>k)</span> <span class='ocrx_word' id='word_1_396' title='bbox 1875 3671 2057 3720; x_wconf 87' lang='lat' dir='ltr'>piorum</span> <span class='ocrx_word' id='word_1_397' title='bbox 2089 3668 2139 3710; x_wconf 82' lang='grc' dir='ltr'>Ο.</span> <span class='ocrx_word' id='word_1_398' title='bbox 2173 3670 2242 3719; x_wconf 89' lang='lat' dir='ltr'>D;</span> <span class='ocrx_word' id='word_1_399' title='bbox 2273 3667 2485 3710; x_wconf 83' lang='lat' dir='ltr'>Ausonia</span> 
     </span>
     <span class='ocr_line' id='line_1_41' title="bbox 238 3727 2483 3782; baseline 0 -13"><span class='ocrx_word' id='word_1_400' title='bbox 238 3749 291 3760; x_wconf 89' lang='lat'><em>-</em></span> <span class='ocrx_word' id='word_1_401' title='bbox 324 3729 532 3779; x_wconf 82' lang='lat' dir='ltr'>priorum</span> <span class='ocrx_word' id='word_1_402' title='bbox 562 3730 650 3771; x_wconf 74' lang='lat' dir='ltr'>des.</span> <span class='ocrx_word' id='word_1_403' title='bbox 683 3729 717 3771; x_wconf 88' lang='lat' dir='ltr'>C</span> <span class='ocrx_word' id='word_1_404' title='bbox 751 3730 792 3771; x_wconf 89' lang='grc'>2.</span> <span class='ocrx_word' id='word_1_405' title='bbox 914 3727 949 3782; x_wconf 89' lang='lat'>1)</span> <span class='ocrx_word' id='word_1_406' title='bbox 984 3731 1192 3771; x_wconf 86' lang='lat' dir='ltr'>modicus</span> <span class='ocrx_word' id='word_1_407' title='bbox 1221 3730 1260 3771; x_wconf 88' lang='lat' dir='ltr'>A</span> <span class='ocrx_word' id='word_1_408' title='bbox 1295 3733 1335 3771; x_wconf 89' lang='lat'>1.</span> <span class='ocrx_word' id='word_1_409' title='bbox 1370 3727 1432 3770; x_wconf 77' lang='grc'>’2.</span> <span class='ocrx_word' id='word_1_410' title='bbox 1468 3730 1509 3771; x_wconf 90' lang='grc'>2.</span> <span class='ocrx_word' id='word_1_411' title='bbox 1544 3730 1587 3769; x_wconf 82' lang='lat'>4.</span> <span class='ocrx_word' id='word_1_412' title='bbox 1619 3730 1657 3769; x_wconf 88' lang='grc' dir='ltr'>Β</span> <span class='ocrx_word' id='word_1_413' title='bbox 1690 3731 1732 3771; x_wconf 88' lang='grc'><strong>2.</strong></span> <span class='ocrx_word' id='word_1_414' title='bbox 1763 3730 1802 3769; x_wconf 81' lang='lat' dir='ltr'>E</span> <span class='ocrx_word' id='word_1_415' title='bbox 1838 3730 1879 3781; x_wconf 85' lang='lat'>1,</span> <span class='ocrx_word' id='word_1_416' title='bbox 1909 3740 2022 3773; x_wconf 75' lang='lat' dir='ltr'>corr.</span> <span class='ocrx_word' id='word_1_417' title='bbox 2055 3729 2259 3769; x_wconf 85' lang='lat' dir='ltr'>modicos</span> <span class='ocrx_word' id='word_1_418' title='bbox 2290 3729 2333 3769; x_wconf 93' lang='lat' dir='ltr'>D</span> <span class='ocrx_word' id='word_1_419' title='bbox 2369 3730 2408 3770; x_wconf 86' lang='lat'>1.</span> <span class='ocrx_word' id='word_1_420' title='bbox 2431 3751 2483 3759; x_wconf 91' lang='lat'><em>-</em></span> 
     </span>
     <span class='ocr_line' id='line_1_42' title="bbox 234 3785 2481 3841; baseline 0 -13"><span class='ocrx_word' id='word_1_421' title='bbox 234 3797 452 3839; x_wconf 83' lang='lat' dir='ltr'>prompso</span> <span class='ocrx_word' id='word_1_422' title='bbox 482 3787 526 3829; x_wconf 84' lang='lat' dir='ltr'>A</span> <span class='ocrx_word' id='word_1_423' title='bbox 559 3789 608 3838; x_wconf 80' lang='grc'>1;</span> <span class='ocrx_word' id='word_1_424' title='bbox 638 3789 798 3840; x_wconf 83' lang='lat' dir='ltr'>propri</span> <span class='ocrx_word' id='word_1_425' title='bbox 831 3787 865 3830; x_wconf 82' lang='grc' dir='ltr'>Ο</span> <span class='ocrx_word' id='word_1_426' title='bbox 896 3785 967 3838; x_wconf 74' lang='lat'>⁸13</span> <span class='ocrx_word' id='word_1_427' title='bbox 998 3789 1089 3831; x_wconf 74' lang='lat' dir='ltr'>teci</span> <span class='ocrx_word' id='word_1_428' title='bbox 1120 3789 1306 3840; x_wconf 86' lang='lat' dir='ltr'>plebeio</span> <span class='ocrx_word' id='word_1_429' title='bbox 1337 3800 1358 3828; x_wconf 77' lang='lat' dir='ltr'>e</span> <span class='ocrx_word' id='word_1_430' title='bbox 1387 3799 1504 3830; x_wconf 76' lang='lat' dir='ltr'>corr.</span> <span class='ocrx_word' id='word_1_431' title='bbox 1534 3790 1574 3830; x_wconf 87' lang='lat' dir='ltr'>B</span> <span class='ocrx_word' id='word_1_432' title='bbox 1610 3791 1648 3831; x_wconf 89' lang='lat'>1.</span> <span class='ocrx_word' id='word_1_433' title='bbox 1797 3787 1860 3841; x_wconf 91' lang='lat' dir='ltr'>m)</span> <span class='ocrx_word' id='word_1_434' title='bbox 1891 3789 2089 3829; x_wconf 81' lang='lat' dir='ltr'>eximius</span> <span class='ocrx_word' id='word_1_435' title='bbox 2121 3787 2171 3829; x_wconf 88' lang='lat' dir='ltr'>C.</span> <span class='ocrx_word' id='word_1_436' title='bbox 2205 3788 2247 3828; x_wconf 92' lang='lat' dir='ltr'>D</span> <span class='ocrx_word' id='word_1_437' title='bbox 2282 3788 2351 3828; x_wconf 80' lang='lat' dir='ltr'>la.</span> <span class='ocrx_word' id='word_1_438' title='bbox 2385 3789 2409 3828; x_wconf 92' lang='lat'>1</span> <span class='ocrx_word' id='word_1_439' title='bbox 2442 3790 2481 3828; x_wconf 89' lang='lat'>1.</span> 
     </span>
     <span class='ocr_line' id='line_1_43' title="bbox 233 3844 2485 3900; baseline -0 -12"><span class='ocrx_word' id='word_1_440' title='bbox 233 3844 284 3898; x_wconf 90' lang='lat' dir='ltr'>n)</span> <span class='ocrx_word' id='word_1_441' title='bbox 314 3847 371 3887; x_wconf 88' lang='lat' dir='ltr'>de</span> <span class='ocrx_word' id='word_1_442' title='bbox 401 3847 442 3889; x_wconf 86' lang='lat' dir='ltr'>A</span> <span class='ocrx_word' id='word_1_443' title='bbox 475 3849 515 3888; x_wconf 88' lang='grc'>1.</span> <span class='ocrx_word' id='word_1_444' title='bbox 638 3846 683 3899; x_wconf 91' lang='grc' dir='ltr'>ο)</span> <span class='ocrx_word' id='word_1_445' title='bbox 717 3848 756 3888; x_wconf 88' lang='lat'>1.</span> <span class='ocrx_word' id='word_1_446' title='bbox 789 3858 894 3889; x_wconf 88' lang='lat' dir='ltr'>cum</span> <span class='ocrx_word' id='word_1_447' title='bbox 925 3848 1027 3890; x_wconf 67' lang='lat' dir='ltr'>Aa.</span> <span class='ocrx_word' id='word_1_448' title='bbox 1150 3845 1199 3900; x_wconf 86' lang='lat' dir='ltr'>p)</span> <span class='ocrx_word' id='word_1_449' title='bbox 1232 3848 1492 3890; x_wconf 71' lang='lat' dir='ltr'>vicentiam</span> <span class='ocrx_word' id='word_1_450' title='bbox 1525 3847 1566 3889; x_wconf 92' lang='lat' dir='ltr'><strong>G</strong></span> <span class='ocrx_word' id='word_1_451' title='bbox 1598 3849 1648 3898; x_wconf 76' lang='lat'>83</span> <span class='ocrx_word' id='word_1_452' title='bbox 1679 3847 1987 3889; x_wconf 82' lang='lat' dir='ltr'>vincenniam</span> <span class='ocrx_word' id='word_1_453' title='bbox 2018 3847 2053 3888; x_wconf 83' lang='lat' dir='ltr'>C</span> <span class='ocrx_word' id='word_1_454' title='bbox 2087 3849 2128 3889; x_wconf 85' lang='lat'>1.</span> <span class='ocrx_word' id='word_1_455' title='bbox 2164 3848 2206 3889; x_wconf 87' lang='grc'><strong>2.</strong></span> <span class='ocrx_word' id='word_1_456' title='bbox 2240 3848 2263 3887; x_wconf 92' lang='lat'>1</span> <span class='ocrx_word' id='word_1_457' title='bbox 2297 3849 2347 3897; x_wconf 67' lang='grc' dir='ltr'>ις</span> <span class='ocrx_word' id='word_1_458' title='bbox 2378 3848 2485 3890; x_wconf 86' lang='lat' dir='ltr'>Vin·</span> 
     </span>
     <span class='ocr_line' id='line_1_44' title="bbox 234 3903 2482 3959; baseline 0 -13"><span class='ocrx_word' id='word_1_459' title='bbox 234 3907 398 3948; x_wconf 80' lang='lat' dir='ltr'>cencia</span> <span class='ocrx_word' id='word_1_460' title='bbox 427 3907 706 3955; x_wconf 77' lang='lat' dir='ltr'>veronaque</span> <span class='ocrx_word' id='word_1_461' title='bbox 737 3907 774 3945; x_wconf 78' lang='lat' dir='ltr'><strong>F</strong></span> <span class='ocrx_word' id='word_1_462' title='bbox 808 3909 848 3952; x_wconf 85' lang='lat'>1.</span> <span class='ocrx_word' id='word_1_463' title='bbox 969 3905 1016 3959; x_wconf 87' lang='lat' dir='ltr'>q)</span> <span class='ocrx_word' id='word_1_464' title='bbox 1050 3911 1244 3958; x_wconf 83' lang='lat' dir='ltr'>excepto</span> <span class='ocrx_word' id='word_1_465' title='bbox 1275 3908 1328 3949; x_wconf 78' lang='lat' dir='ltr'>F.</span> <span class='ocrx_word' id='word_1_466' title='bbox 1362 3906 1416 3949; x_wconf 87' lang='lat' dir='ltr'>G.</span> <span class='ocrx_word' id='word_1_467' title='bbox 1450 3907 1472 3947; x_wconf 91' lang='lat'>1</span> <span class='ocrx_word' id='word_1_468' title='bbox 1500 3909 1542 3948; x_wconf 81' lang='grc'><strong>2.</strong></span> <span class='ocrx_word' id='word_1_469' title='bbox 1661 3904 1701 3958; x_wconf 85' lang='lat' dir='ltr'>r)</span> <span class='ocrx_word' id='word_1_470' title='bbox 1733 3907 1958 3947; x_wconf 80' lang='lat' dir='ltr'>Patavum</span> <span class='ocrx_word' id='word_1_471' title='bbox 1988 3907 2026 3947; x_wconf 79' lang='lat' dir='ltr'>E</span> <span class='ocrx_word' id='word_1_472' title='bbox 2062 3908 2111 3956; x_wconf 79' lang='lat'>13</span> <span class='ocrx_word' id='word_1_473' title='bbox 2142 3907 2336 3947; x_wconf 80' lang='lat' dir='ltr'>Patavio</span> <span class='ocrx_word' id='word_1_474' title='bbox 2367 3905 2408 3945; x_wconf 90' lang='lat' dir='ltr'>A</span> <span class='ocrx_word' id='word_1_475' title='bbox 2439 3903 2482 3947; x_wconf 78' lang='lat'>5.</span> 
     </span>
     <span class='ocr_line' id='line_1_45' title="bbox 231 3963 2482 4016; baseline 0 -12"><span class='ocrx_word' id='word_1_476' title='bbox 231 3964 273 4004; x_wconf 85' lang='lat' dir='ltr'>B</span> <span class='ocrx_word' id='word_1_477' title='bbox 310 3966 378 4006; x_wconf 87' lang='lat' dir='ltr'>la.</span> <span class='ocrx_word' id='word_1_478' title='bbox 413 3966 439 4005; x_wconf 87' lang='grc'><strong>2</strong></span> <span class='ocrx_word' id='word_1_479' title='bbox 472 3976 494 4004; x_wconf 80' lang='lat' dir='ltr'>c</span> <span class='ocrx_word' id='word_1_480' title='bbox 522 3975 664 4016; x_wconf 69' lang='lat' dir='ltr'>corr-,3</span> <span class='ocrx_word' id='word_1_481' title='bbox 694 3965 860 4006; x_wconf 84' lang='lat' dir='ltr'>Patavi</span> <span class='ocrx_word' id='word_1_482' title='bbox 892 3964 927 4006; x_wconf 82' lang='grc' dir='ltr'>Ο</span> <span class='ocrx_word' id='word_1_483' title='bbox 960 3966 999 4008; x_wconf 82' lang='grc'>8.</span> <span class='ocrx_word' id='word_1_484' title='bbox 1033 3965 1073 4007; x_wconf 91' lang='lat' dir='ltr'><strong>G</strong></span> <span class='ocrx_word' id='word_1_485' title='bbox 1106 3967 1148 4007; x_wconf 82' lang='grc'>8.</span> <span class='ocrx_word' id='word_1_486' title='bbox 1181 3963 1253 4016; x_wconf 74' lang='lat'>’63</span> <span class='ocrx_word' id='word_1_487' title='bbox 1283 3966 1459 4007; x_wconf 82' lang='lat' dir='ltr'>Padavi</span> <span class='ocrx_word' id='word_1_488' title='bbox 1489 3967 1528 4006; x_wconf 73' lang='lat' dir='ltr'><strong>F</strong></span> <span class='ocrx_word' id='word_1_489' title='bbox 1562 3968 1601 4007; x_wconf 87' lang='lat'>1.</span> <span class='ocrx_word' id='word_1_490' title='bbox 1638 3965 1679 4007; x_wconf 99' lang='lat' dir='ltr'><strong>G</strong></span> <span class='ocrx_word' id='word_1_491' title='bbox 1712 3967 1753 4008; x_wconf 88' lang='grc'>2.</span> <span class='ocrx_word' id='word_1_492' title='bbox 1787 3966 1840 4015; x_wconf 76' lang='lat'>43</span> <span class='ocrx_word' id='word_1_493' title='bbox 1872 3966 2076 4006; x_wconf 86' lang='lat' dir='ltr'>Paduam</span> <span class='ocrx_word' id='word_1_494' title='bbox 2109 3966 2216 4016; x_wconf 59' lang='lat'>1³83</span> <span class='ocrx_word' id='word_1_495' title='bbox 2246 3965 2482 4005; x_wconf 73' lang='lat' dir='ltr'>Pataui-im</span> 
     </span>
     <span class='ocr_line' id='line_1_46' title="bbox 234 4021 2483 4077; baseline -0 -15"><span class='ocrx_word' id='word_1_496' title='bbox 234 4021 271 4063; x_wconf 85' lang='lat' dir='ltr'>C</span> <span class='ocrx_word' id='word_1_497' title='bbox 301 4023 375 4063; x_wconf 75' lang='lat' dir='ltr'>4b.</span> <span class='ocrx_word' id='word_1_498' title='bbox 407 4024 450 4063; x_wconf 97' lang='lat' dir='ltr'>D</span> <span class='ocrx_word' id='word_1_499' title='bbox 487 4024 525 4064; x_wconf 87' lang='lat'>1.</span> <span class='ocrx_word' id='word_1_500' title='bbox 558 4024 603 4063; x_wconf 86' lang='lat' dir='ltr'><strong>H</strong></span> <span class='ocrx_word' id='word_1_501' title='bbox 637 4023 688 4073; x_wconf 74' lang='lat'>83</span> <span class='ocrx_word' id='word_1_502' title='bbox 733 4025 937 4065; x_wconf 81' lang='lat' dir='ltr'>Patauro</span> <span class='ocrx_word' id='word_1_503' title='bbox 982 4025 1025 4065; x_wconf 92' lang='lat' dir='ltr'>D</span> <span class='ocrx_word' id='word_1_504' title='bbox 1058 4025 1100 4068; x_wconf 78' lang='lat'>8.</span> <span class='ocrx_word' id='word_1_505' title='bbox 1133 4027 1174 4068; x_wconf 79' lang='lat'>4.</span> <span class='ocrx_word' id='word_1_506' title='bbox 1328 4024 1367 4077; x_wconf 86' lang='lat' dir='ltr'>s)</span> <span class='ocrx_word' id='word_1_507' title='bbox 1401 4026 1559 4066; x_wconf 83' lang='lat' dir='ltr'>Monte</span> <span class='ocrx_word' id='word_1_508' title='bbox 1591 4024 1639 4067; x_wconf 82' lang='lat' dir='ltr'>S.</span> <span class='ocrx_word' id='word_1_509' title='bbox 1690 4029 1736 4066; x_wconf 86' lang='lat' dir='ltr'>et</span> <span class='ocrx_word' id='word_1_510' title='bbox 1778 4026 1971 4066; x_wconf 84' lang='lat' dir='ltr'>Mantua</span> <span class='ocrx_word' id='word_1_511' title='bbox 2015 4026 2052 4065; x_wconf 88' lang='lat' dir='ltr'>B</span> <span class='ocrx_word' id='word_1_512' title='bbox 2081 4026 2150 4067; x_wconf 82' lang='lat' dir='ltr'>la.</span> <span class='ocrx_word' id='word_1_513' title='bbox 2183 4025 2222 4064; x_wconf 90' lang='grc' dir='ltr'>Β</span> <span class='ocrx_word' id='word_1_514' title='bbox 2242 4024 2267 4064; x_wconf 91' lang='grc'><strong>2</strong></span> <span class='ocrx_word' id='word_1_515' title='bbox 2300 4034 2321 4063; x_wconf 80' lang='lat' dir='ltr'>s</span> <span class='ocrx_word' id='word_1_516' title='bbox 2351 4034 2483 4074; x_wconf 64' lang='lat' dir='ltr'>corr„</span> 
     </span>
     <span class='ocr_line' id='line_1_47' title="bbox 234 4081 2483 4136; baseline 0 -14"><span class='ocrx_word' id='word_1_517' title='bbox 234 4082 278 4122; x_wconf 95' lang='lat' dir='ltr'>D</span> <span class='ocrx_word' id='word_1_518' title='bbox 310 4082 351 4123; x_wconf 74' lang='lat'>8.</span> <span class='ocrx_word' id='word_1_519' title='bbox 385 4083 428 4124; x_wconf 87' lang='lat'>4.</span> <span class='ocrx_word' id='word_1_520' title='bbox 464 4083 519 4132; x_wconf 80' lang='lat'>83</span> <span class='ocrx_word' id='word_1_521' title='bbox 551 4081 747 4124; x_wconf 76' lang='lat' dir='ltr'>Scilicas</span> <span class='ocrx_word' id='word_1_522' title='bbox 778 4083 820 4123; x_wconf 82' lang='lat' dir='ltr'>A</span> <span class='ocrx_word' id='word_1_523' title='bbox 853 4085 896 4125; x_wconf 85' lang='grc'>2.</span> <span class='ocrx_word' id='word_1_524' title='bbox 940 4104 985 4114; x_wconf 94' lang='grc'><strong>-</strong></span> <span class='ocrx_word' id='word_1_525' title='bbox 1019 4089 1064 4124; x_wconf 86' lang='lat' dir='ltr'>et</span> <span class='ocrx_word' id='word_1_526' title='bbox 1094 4084 1332 4126; x_wconf 83' lang='lat' dir='ltr'>Mantuam</span> <span class='ocrx_word' id='word_1_527' title='bbox 1365 4107 1417 4115; x_wconf 98' lang='lat'><strong>—</strong></span> <span class='ocrx_word' id='word_1_528' title='bbox 1451 4085 1618 4125; x_wconf 83' lang='lat' dir='ltr'>insulis</span> <span class='ocrx_word' id='word_1_529' title='bbox 1650 4086 1735 4125; x_wconf 76' lang='lat' dir='ltr'>des.</span> <span class='ocrx_word' id='word_1_530' title='bbox 1766 4085 1809 4124; x_wconf 93' lang='lat' dir='ltr'>D</span> <span class='ocrx_word' id='word_1_531' title='bbox 1844 4086 1887 4129; x_wconf 90' lang='grc'>2.</span> <span class='ocrx_word' id='word_1_532' title='bbox 2030 4081 2066 4136; x_wconf 89' lang='lat' dir='ltr'>t)</span> <span class='ocrx_word' id='word_1_533' title='bbox 2100 4083 2342 4125; x_wconf 85' lang='lat' dir='ltr'>Venetiam</span> <span class='ocrx_word' id='word_1_534' title='bbox 2371 4082 2409 4121; x_wconf 68' lang='grc' dir='ltr'>Γ</span> <span class='ocrx_word' id='word_1_535' title='bbox 2444 4084 2483 4123; x_wconf 90' lang='grc'>1.</span> 
     </span>
    </p>
   </div>
   <div class='ocr_carea' id='block_1_5' title="bbox 226 4175 2483 4449">
    <p class='ocr_par' dir='ltr' id='par_1_15' title="bbox 226 4175 2483 4449">
     <span class='ocr_line' id='line_1_48' title="bbox 234 4175 2480 4246; baseline 0.001 -20"><span class='ocrx_word' id='word_1_536' title='bbox 234 4176 291 4244; x_wconf 86' lang='grc'>1)</span> <span class='ocrx_word' id='word_1_537' title='bbox 329 4175 475 4244; x_wconf 77' lang='lat' dir='ltr'>Aper</span> <span class='ocrx_word' id='word_1_538' title='bbox 500 4183 624 4230; x_wconf 76' lang='lat' dir='ltr'>teste</span> <span class='ocrx_word' id='word_1_539' title='bbox 661 4179 947 4245; x_wconf 58' lang='lat' dir='ltr'>diplomate</span> <span class='ocrx_word' id='word_1_540' title='bbox 984 4179 1042 4231; x_wconf 73' lang='lat' dir='ltr'>in</span> <span class='ocrx_word' id='word_1_541' title='bbox 1069 4178 1252 4231; x_wconf 78' lang='lat' dir='ltr'>Gallia</span> <span class='ocrx_word' id='word_1_542' title='bbox 1280 4178 1588 4232; x_wconf 72' lang='lat' dir='ltr'>Christiana</span> <span class='ocrx_word' id='word_1_543' title='bbox 1626 4178 1709 4243; x_wconf 90' lang='lat' dir='ltr'>II,</span> <span class='ocrx_word' id='word_1_544' title='bbox 1739 4197 1801 4246; x_wconf 77' lang='lat' dir='ltr'>p.</span> <span class='ocrx_word' id='word_1_545' title='bbox 1838 4179 1995 4230; x_wconf 78' lang='lat'>1224.</span> <span class='ocrx_word' id='word_1_546' title='bbox 2039 4179 2201 4230; x_wconf 84' lang='lat' dir='ltr'>allato</span> <span class='ocrx_word' id='word_1_547' title='bbox 2241 4176 2480 4229; x_wconf 77' lang='lat' dir='ltr'>Pictavis</span> 
     </span>
     <span class='ocr_line' id='line_1_49' title="bbox 233 4248 2483 4319; baseline 0.002 -20"><span class='ocrx_word' id='word_1_548' title='bbox 233 4250 385 4316; x_wconf 73' lang='lat' dir='ltr'>apud</span> <span class='ocrx_word' id='word_1_549' title='bbox 422 4249 482 4303; x_wconf 80' lang='lat' dir='ltr'>S.</span> <span class='ocrx_word' id='word_1_550' title='bbox 520 4250 796 4304; x_wconf 77' lang='lat' dir='ltr'>Hilarium</span> <span class='ocrx_word' id='word_1_551' title='bbox 836 4251 1000 4304; x_wconf 80' lang='lat' dir='ltr'>abbas</span> <span class='ocrx_word' id='word_1_552' title='bbox 1037 4253 1274 4305; x_wconf 74' lang='lat' dir='ltr'>nondum</span> <span class='ocrx_word' id='word_1_553' title='bbox 1311 4252 1505 4305; x_wconf 72' lang='lat' dir='ltr'>exstitit</span> <span class='ocrx_word' id='word_1_554' title='bbox 1545 4269 1598 4304; x_wconf 81' lang='grc' dir='ltr'>α.</span> <span class='ocrx_word' id='word_1_555' title='bbox 1641 4253 1764 4316; x_wconf 74' lang='grc'><strong>775,</strong></span> <span class='ocrx_word' id='word_1_556' title='bbox 1812 4252 1906 4305; x_wconf 79' lang='lat' dir='ltr'>sed</span> <span class='ocrx_word' id='word_1_557' title='bbox 1934 4252 2049 4319; x_wconf 80' lang='lat' dir='ltr'>jam</span> <span class='ocrx_word' id='word_1_558' title='bbox 2098 4248 2365 4303; x_wconf 79' lang='lat' dir='ltr'>abbatiam</span> <span class='ocrx_word' id='word_1_559' title='bbox 2404 4267 2483 4303; x_wconf 81' lang='lat' dir='ltr'>re·</span> 
     </span>
     <span class='ocr_line' id='line_1_50' title="bbox 226 4323 2475 4449; baseline 0 -75"><span class='ocrx_word' id='word_1_560' title='bbox 226 4323 732 4449; x_wconf 49' lang='grc' dir='ltr'>ἕὲῖέα-ε-(Ίιὲὲὃθὲὲι</span> <span class='ocrx_word' id='word_1_561' title='bbox 772 4342 823 4378; x_wconf 83' lang='lat' dir='ltr'>a.</span> <span class='ocrx_word' id='word_1_562' title='bbox 865 4326 987 4378; x_wconf 82' lang='lat'>792.</span> <span class='ocrx_word' id='word_1_563' title='bbox 1028 4326 1148 4393; x_wconf 74' lang='lat' dir='ltr'>jam</span> <span class='ocrx_word' id='word_1_564' title='bbox 1206 4325 1485 4390; x_wconf 74' lang='lat' dir='ltr'>destmctus</span> <span class='ocrx_word' id='word_1_565' title='bbox 1526 4331 1655 4378; x_wconf 77' lang='lat' dir='ltr'>erat.</span> <span class='ocrx_word' id='word_1_566' title='bbox 1732 4325 1939 4377; x_wconf 80' lang='lat' dir='ltr'>Paulus</span> <span class='ocrx_word' id='word_1_567' title='bbox 1978 4323 2053 4376; x_wconf 76' lang='lat' dir='ltr'>ibi</span> <span class='ocrx_word' id='word_1_568' title='bbox 2072 4324 2193 4392; x_wconf 73' lang='lat' dir='ltr'>fuit</span> <span class='ocrx_word' id='word_1_569' title='bbox 2229 4324 2376 4375; x_wconf 78' lang='lat' dir='ltr'>intra</span> <span class='ocrx_word' id='word_1_570' title='bbox 2416 4341 2475 4375; x_wconf 83' lang='lat' dir='ltr'>a.</span> 
     </span>
    </p>
   </div>
  </div>
 </body>
</html>
