3042 4909
505 433 728 485 PAULI
765 432 1112 485 HISTORIA
1152 431 1819 486 LANGOBARDORUM.
1895 434 2039 484 LIB.
2080 433 2175 485 1v.
2373 434 2473 484 153

234 600 490 686 Arigis³
547 601 613 665 in
664 600 808 665 loco
871 602 1075 687 ipsius
1139 621 1178 663 a
1234 622 1386 686 rege
1440 599 1766 686 Agilulfob
1819 601 2051 664 missus
2107 602 2476 683 successit¹;

281 685 351 749 ui
403 694 577 749 ortus
629 685 695 748 in
751 683 1098 751 Foroiuliic
1149 683 1353 749 fuerat
1410 694 1474 749 et
1543 682 1773 749 Gisulfi
1827 683 2235 748 Foroiulani‘¹
2297 683 2478 749 ducis

282 769 401 833 lios
455 769 758 834 educarat
779 779 802 812 ²
854 768 1189 855 eidemque
1207 779 1231 810 e
1279 766 1533 832 Gisulfo
1578 789 1815 832 consan
1863 769 2087 832 uineus
2132 776 2285 832 erat.
2371 767 2477 832 Ad

236 853 408 918 hunc
465 854 683 952 Arigis
744 861 920 917 extat
977 850 1248 938 epistula
1312 849 1484 916 beati
1541 873 1748 937 papae
1873 853 2105 937 regorii
2175 852 2242 915 in
2307 852 2477 916 hunc

238 937 499 1002 modum
544 936 857 1002 directa⁸z

411 1020 508 1084 19.
596 1020 968 1106 ‘Gregorius
1014 1019 1256 1105 Arogif
1298 1019 1465 1083 duci.
1548 1019 1722 1100 Quia
1762 1019 1855 1083 sic
1900 1018 1980 1084 de
2023 1016 2226 1105 gloria
2268 1028 2479 1084 vestra
2498 1035 2591 1089 (2⁰)

238 1105 406 1168 siout
466 1127 535 1169 re
580 1125 734 1168 vera
759 1115 787 1158 8
832 1104 911 1169 de
976 1102 1105 1167 filio
1175 1112 1392 1169 nostro
1444 1102 1861 1186 confidimus,
1904 1113 2120 1188 petere
2173 1104 2249 1166 ah
2293 1103 2476 1168 vobis

235 1186 449 1287 aliqua
477 1187 854 1252 fiducialiter
895 1208 1323 1274 provocamur
1339 1188 1376 1269 ἱ,
1416 1185 1817 1270 arbitrantes,
1858 1186 2029 1272 quod
2059 1187 2318 1250 minime
2361 1207 2478 1251 1108

236 1273 618 1358 panaminik
664 1272 1043 1354 contristari,
1086 1271 1398 1336 maxime¹
1444 1271 1510 1334 in
1539 1268 1652 1335 tali
1694 1292 1782 1353 re,
1827 1270 1998 1335 unde
2025 1279 2238 1336 vestra
2266 1271 2481 1334 anima

236 1354 507 1421 multum
532 1356 807 1441 poteritm
830 1354 1135 1419 adiuvari.
1183 1354 1573 1419 ‘Indicamus
1596 1364 1830 1437 autem,
1852 1363 2113 1440 propter
2134 1353 2480 1420 ecclesiasn
2501 1360 2516 1376 ·
2534 1373 2578 1412 1>-
2614 1362 2712 1403 123-

233 1440 569 1505 beatorum
609 1440 784 1505 Petri
826 1450 941 1503 ac⁰
971 1436 1159 1503 Pauli
1200 1438 1599 1524 aliquantas?
1642 1437 1828 1504 nobis
1855 1438 2067 1503 trabes
2096 1438 2482 1504 necessarias

238 1545 398 1606 esse,
444 1532 508 1588 et
549 1522 692 1588 ideo
740 1523 980 1587 Savino
1025 1520 1414 1587 subdiacono
1471 1531 1688 1587 nostro
1731 1522 2158 1604 iniunximus,
2217 1520 2297 1586 de
2340 1543 2481 1607 par-

239 1607 412 1672 tibus
455 1607 870 1672 Brittiorum‘l
916 1605 1275 1692 aliquantas
1331 1604 1615 1671 incidere
1633 1653 1648 1681 ‚
1706 1615 1770 1670 et
1811 1614 1883 1669 ut
1924 1628 2125 1692 usque
2180 1606 2262 1670 ad
2306 1625 2481 1670 mare

240 1691 307 1754 in
358 1689 570 1755 locum
613 1700 836 1777 aptum
882 1690 1130 1756 trahere
1175 1689 1426 1755 debeat.
1513 1689 1602 1754 Et
1653 1690 1803 1775 quia
1842 1690 1910 1752 in
1952 1688 2074 1754 hac
2116 1713 2185 1755 re
2230 1689 2481 1754 solaciis

237 1774 503 1862 indiget,
548 1774 890 1839 salutantes
933 1773 1205 1873 gloriam
1234 1783 1511 1839 vestram
1541 1782 1808 1858 paterna
1846 1773 2141 1837 caritater
2184 1773 2481 1860 petimus,

238 1868 311 1924 ut
366 1858 729 1923 actionariis
781 1866 1009 1924 vestrls
1079 1859 1225 1945 qui⁸
1291 1858 1359 1920 in
1400 1857 1508 1921 illo
1531 1862 1550 1899 ²
1613 1856 1751 1921 loco
1804 1864 1953 1921 sunt
2007 1857 2359 1943 deputetis,
2413 1866 2486 1920 ut

236 1941 527 2007 homines
560 1943 670 2028 qui
702 1941 821 2008 sub
867 1942 957 2006 eis
1013 1951 1162 2006 sunt
1205 1963 1350 2005 cum
1392 1941 1604 2007 bubus
1638 1941 1768 2004 suis
1811 1942 1879 2004 in
1902 1942 2035 2006 eius
2060 1941 2482 2005 transmittere

239 2025 536 2091 solatium
599 2024 916 2090 debeantu
932 2074 948 2108 ,
1015 2035 1328 2112 quatenus
1390 2024 1575 2091 vobis
1636 2023 2160 2089 concurrentibus
2185 2037 2213 2068 v
2256 2023 2484 2088 melius

241 2109 415 2196 quod
459 2111 516 2175 ei
560 2110 955 2173 iniunximus
988 2109 1189 2196 possit
1277 2108 1555 2174 erficere.
1642 2106 1776 2172 Nos
1821 2108 1990 2172 enim
2033 2108 2482 2193 promittimus,

243 2194 424 2281 quia,
503 2192 657 2257 dum
721 2216 824 2258 res
888 2193 1172 2292 perfecta
1304 2193 1452 2274 erit,
1524 2189 1793 2277 dignum
1854 2188 2041 2256 vobis
2108 2192 2408 2256 exenium
2421 2203 2483 2270 W,

241 2276 416 2364 quod
457 2299 587 2342 non
630 2278 712 2342 sit
736 2277 1130 2359 iniunosum,
1176 2277 1675 2341 transmittemus
1690 2288 1741 2336 ¹.
1826 2275 1994 2339 Nam
2037 2275 2273 2338 scimus
2316 2285 2482 2339 nos?

241 2360 641 2427 considerare
694 2370 757 2426 et
813 2359 961 2425 filiis
1020 2361 1285 2443 nostriS‚
1346 2361 1456 2446 qui
1512 2360 1788 2424 bonamz
1848 2358 2032 2424 nobis
2093 2357 2484 2422 voluntatem

239 2442 545 2510 exhibent
556 2455 602 2529 Β,
660 2444 1068 2532 respondere.
1156 2442 1346 2509 Unde
1397 2444 1633 2508 iterum
1691 2443 1984 2540 petimus,
2043 2440 2316 2528 gloriose
2374 2440 2484 2521 fili,

238 2538 313 2593 ut
364 2529 456 2594 ita
511 2528 724 2593 facere
774 2527 1081 2611 debeam,
1146 2538 1221 2593 ut
1273 2538 1337 2593 et
1392 2548 1507 2591 nos
1557 2524 1741 2591 vobls
1794 2526 2114 2612 possimus
2169 2546 2308 2590 esse
2364 2546 2481 2611 pro

237 2613 545 2698 praestito
570 2613 880 2678 beneficio
904 2611 1243 2694 debitoreS,
1289 2621 1354 2677 et
1374 2632 1489 2676 vos
1527 2609 1926 2675 mercedemb
1970 2631 2088 2695 pro
2119 2618 2483 2675 sanctorum

241 2694 564 2761 ecclesiis⁰
607 2696 935 2761 habeatis'.

409 2780 554 2845 20³¹
652 2779 776 2844 His
832 2778 1059 2846 diebus
1125 2789 1316 2865 capta
1396 2785 1492 2843 est
1547 2776 1718 2842 filia⁴
1777 2777 1948 2863 regis
2012 2775 2279 2863 Agilulfi
2337 2791 2595 2848 81111181)

245 2976 292 3030 8)
326 2977 492 3028 Aregis
538 2980 578 3019 Β
615 2981 667 3028 1;
711 2978 894 3018 Arichis
932 2979 970 3018 B
1006 2979 1075 3018 la.
1112 2979 1151 3018 2.
1184 2978 1224 3017 3.
1272 2979 1314 3018 D
1350 2974 1440 3018 ‘3a.
1474 2977 1499 3017 3
1550 2979 1588 3018 F
1621 2980 1663 3018 2.
1697 2978 1740 3021 3.
1773 2979 1815 3019 4.
1851 2976 1891 3017 5.
1942 2977 1983 3018 G
2014 2978 2057 3028 4,
2105 2982 2142 3016 et
2188 2975 2312 3026 infra
2358 2975 2399 3015 A
2431 2978 2485 3025 2;

242 3037 400 3086 Arigis
431 3038 506 3078 vei
555 3037 653 3077 chis
683 3038 725 3077 D
759 3038 798 3079 3.
932 3034 980 3088 b)
1013 3036 1204 3077 Aidulfo
1238 3037 1272 3079 C
1305 3034 1367 3078 ‘1.
1503 3034 1545 3087 8)
1577 3037 1748 3076 Forum
1793 3036 1898 3076 iulii
1928 3035 1970 3076 A
2002 3036 2043 3077 3.
2179 3033 2226 3086 d)
2258 3036 2320 3075 ita
2351 3035 2392 3075 A
2424 3032 2485 3076 ·3.

246 3095 281 3137 C
314 3093 375 3137 ’1.
409 3096 452 3136 D
487 3097 531 3136 3.
581 3095 622 3136 G
655 3096 695 3148 2,
742 3096 842 3146 αῐιῖς
887 3095 1172 3136 Foroiulano
1203 3095 1245 3135 A
1278 3098 1330 3146 2;
1379 3095 1431 3145 ej.
1469 3106 1609 3145 supra
1633 3107 1682 3145 p.
1720 3096 1773 3136 90
1805 3106 1851 3135 n.
1885 3106 1928 3136 n.
2081 3093 2125 3147 e)
2159 3095 2401 3143 eidemque
2434 3115 2485 3124 —

245 3157 345 3196 erat
374 3155 458 3198 des.
491 3154 532 3194 A
566 3156 607 3195 2.
756 3155 794 3209 f)
824 3155 888 3194 ita
935 3155 974 3194 A
1010 3157 1049 3194 1.
1083 3156 1124 3195 2.
1158 3156 1198 3194 4.
1232 3154 1257 3195 5
1305 3166 1399 3194 cum
1445 3154 1598 3204 Greq.;
1645 3154 1789 3195 Arodi
1833 3165 1952 3196 corr.
1981 3153 2124 3203 Arossi
2155 3154 2192 3192 F
2226 3155 2277 3203 13
2320 3152 2488 3202 Arogis

245 3213 287 3254 A
319 3209 393 3263 ⁸2?
439 3213 625 3262 Arogisi
657 3213 694 3252 E
730 3216 779 3263 ις
830 3212 1027 3263 Arogiso
1061 3212 1102 3253 G
1131 3215 1183 3263 43
1228 3212 1361 3262 Arigi
1395 3212 1429 3253 C
1462 3211 1521 3253 ⁶1.
1560 3213 1599 3253 1.
1633 3214 1676 3253 D
1710 3212 1900 3266 (praeter
1930 3211 1995 3263 4).
2025 3213 2068 3251 H
2102 3215 2151 3260 13
2196 3211 2352 3260 Arigis
2384 3212 2407 3250 1
2445 3214 2488 3260 ις

246 3271 433 3321 ArissIso
479 3272 514 3313 C
547 3274 590 3313 2.
641 3271 682 3312 G
715 3274 843 3313 1-3,
879 3272 960 3321 58,
1006 3271 1167 3312 Arichi
1211 3274 1250 3313 B
1285 3273 1354 3312 18.
1391 3273 1432 3312 2.
1482 3271 1516 3313 C
1550 3272 1594 3312 4.
1640 3273 1677 3311 F
1709 3272 1764 3320 ὃς
1809 3270 1951 3310 Archi
1981 3272 2004 3310 1
2037 3271 2088 3320 83
2135 3270 2347 3310 Arichiso
2379 3270 2415 3309 F
2446 3269 2490 3308 4.

247 3329 296 3383 g)
329 3340 486 3372 veram
539 3329 580 3371 G
613 3332 653 3371 1.
803 3329 851 3382 h)
886 3342 924 3371 8.
958 3335 1172 3380 preterea
1215 3342 1258 3371 v.
1292 3330 1333 3370 A
1367 3333 1406 3372 1.
1440 3330 1483 3370 D
1518 3331 1556 3371 1.
1588 3330 1611 3369 1
1645 3333 1694 3379 ις
1743 3340 1781 3369 8.
1828 3333 2075 3380 propterea
2119 3341 2163 3371 v.
2212 3329 2246 3370 C
2281 3331 2320 3369 1.
2356 3330 2399 3368 2.
2437 3349 2487 3359 -

247 3388 383 3430 nobis
428 3391 465 3429 F
499 3392 538 3429 1.
590 3411 641 3420 -
689 3390 866 3439 aliquid
910 3388 951 3428 A
984 3392 1024 3431 2.
1176 3388 1212 3442 i)
1243 3399 1550 3440 provocamus
1593 3389 1636 3428 D
1672 3390 1712 3431 1.
1760 3389 1783 3428 1
1818 3390 1858 3429 1.
2009 3385 2058 3439 k)
2091 3389 2328 3437 paciamus
2379 3387 2415 3425 F
2451 3388 2489 3426 1.

248 3447 284 3501 1)
319 3449 519 3489 maxime
570 3469 617 3479 —
669 3449 881 3489 adiuvari
911 3449 996 3490 des.
1031 3449 1068 3488 E
1103 3450 1144 3489 1.
1295 3447 1358 3500 m)
1391 3448 1596 3498 potuerit
1642 3446 1683 3488 G
1716 3449 1755 3487 1.
1790 3447 1830 3487 3.
1863 3447 1906 3487 4.
2058 3444 2107 3497 n)
2140 3445 2339 3486 ecclesia
2368 3445 2405 3483 F
2439 3447 2490 3493 ις

249 3508 497 3548 ecclesiam
528 3507 578 3546 F.
613 3508 654 3547 4.
688 3506 744 3548 G.
898 3506 943 3559 o)
977 3511 1022 3547 et
1054 3506 1089 3549 0
1125 3507 1162 3546 1.
1195 3507 1238 3547 D
1272 3508 1311 3548 2.
1348 3507 1389 3548 3.
1542 3504 1591 3558 p)
1624 3507 1867 3555 aliquanta
1896 3505 1932 3544 F
1967 3506 2007 3546 l.
2158 3503 2205 3555 q)
2237 3504 2489 3544 Brittorum

247 3565 291 3606 A
323 3568 375 3615 83
404 3566 659 3606 Britiorum
690 3566 755 3605 vel
782 3566 1042 3607 Briciorum
1073 3566 1112 3605 B
1149 3567 1188 3606 2.
1225 3566 1258 3606 G
1292 3568 1333 3607 1.
1367 3565 1410 3605 D
1444 3567 1484 3607 1.
1523 3566 1562 3608 2.
1596 3565 1637 3607 3.
1671 3565 1708 3604 F
1740 3566 1790 3614 23
1819 3564 2114 3604 Brinciorum
2148 3562 2190 3604 G
2222 3563 2265 3603 3.
2296 3562 2353 3612 43
2382 3562 2492 3601 Bra·

251 3625 428 3665 ciorum
459 3622 496 3664 B
531 3628 612 3675 1a;
643 3625 909 3665 Brutiorum
942 3624 1067 3674 arey.
1189 3624 1228 3676 r)
1263 3625 1503 3665 caritatem
1534 3623 1571 3663 Ρ
1591 3626 1632 3666 1.
1753 3621 1793 3675 s)
1819 3627 1921 3672 poce
1951 3622 2093 3671 suppl.
2124 3622 2161 3661 F
2180 3623 2220 3662 1.
2313 3619 2347 3672 t)
2381 3620 2491 3659 decet

251 3682 287 3724 Ο
320 3684 362 3724 1.
394 3682 437 3722 D
458 3685 480 3723 1
515 3682 630 3735 (post
658 3681 835 3735 suppl).
868 3684 924 3733 33
953 3683 1096 3724 illoeo
1127 3683 1164 3722 F
1183 3685 1223 3724 1.
1315 3682 1365 3734 u)
1398 3683 1605 3723 debeatis
1637 3681 1678 3723 G
1698 3682 1840 3733 1-43
1870 3681 2068 3721 iubeatis
2101 3679 2142 3721 G
2174 3679 2242 3721 58.
2332 3676 2378 3730 v)
2396 3688 2492 3718 suc-

251 3742 543 3781 currentibus
574 3742 615 3782 A
650 3744 689 3782 2.
811 3740 872 3794 w)
903 3742 1092 3782 xenium
1124 3740 1165 3780 A
1199 3742 1239 3781 2.
1272 3742 1314 3781 3.
1345 3742 1388 3782 D
1423 3744 1445 3781 1
1480 3753 1501 3781 e
1532 3753 1645 3785 corr.
1681 3738 1775 3782 ‘3a.
1809 3740 1851 3782 G
1883 3740 1954 3781 58.
1975 3750 2012 3779 c.
2045 3739 2083 3779 1.
2102 3741 2141 3779 1.
2265 3736 2315 3790 x)
2347 3741 2491 3777 trans·

251 3800 479 3841 mittimus
509 3800 551 3840 A
586 3800 628 3842 3.
663 3803 704 3841 6.
737 3802 775 3842 Β
811 3802 851 3844 2.
884 3799 925 3842 G
959 3801 999 3841 3.
1033 3802 1078 3841 4.
1111 3800 1134 3840 Ι
1166 3801 1217 3849 83
1248 3802 1617 3841 transmittamus
1650 3800 1685 3842 O
1718 3802 1759 3841 2.
1853 3797 1902 3851 y)
1934 3799 2041 3838 dem
2072 3797 2114 3838 A
2146 3798 2188 3838 2.
2294 3795 2337 3849 z)
2368 3797 2493 3837 bona

251 3869 299 3899 n.
332 3858 569 3900 voluntate
602 3858 643 3900 G
675 3860 716 3900 3.
837 3858 884 3911 8)
918 3860 1165 3900 debeamus
1190 3864 1292 3908 post
1322 3860 1422 3900 add.
1454 3859 1497 3899 D
1534 3862 1574 3912 1,
1604 3864 1642 3899 οε
1671 3859 1735 3899 ita
1765 3858 1844 3898 alii
1873 3859 1932 3898 D.
2055 3855 2102 3909 b)
2135 3856 2349 3899 mercede
2381 3856 2419 3895 F
2451 3857 2491 3895 1.

255 3915 299 3969 8)
334 3917 561 3958 ecclesias
596 3918 637 3960 G
671 3919 712 3960 3.
745 3920 790 3959 4.
915 3917 962 3971 d)
994 3919 1071 3958 hoc
1100 3928 1195 3967 cap.
1230 3929 1309 3962 om,
1342 3918 1383 3958 A
1415 3915 1476 3960 ⁸4.

258 4093 315 4159 1)
363 4092 588 4159 Tempus
627 4110 686 4145 eo
716 4100 884 4159 patet,
923 4093 1066 4159 quod
1100 4092 1159 4143 in
1187 4090 1431 4160 Gregorii
1456 4092 1534 4142 M.
1572 4093 1720 4159 epist.
1763 4091 1845 4155 II,
1884 4091 1973 4155 46,
2005 4090 2138 4141 data
2162 4087 2271 4139 Jul.
2310 4085 2492 4138 indict.

259 4166 346 4230 10,
391 4167 510 4232 jam
567 4166 681 4218 dux
739 4174 973 4218 vocatur.
1050 4167 1163 4216 ΒΕ.
1316 4163 1484 4230 2)Ιά
1541 4164 1682 4231 quod
1739 4164 1797 4214 in
1854 4164 2072 4215 dubium
2111 4160 2318 4214 vocavit
2356 4159 2492 4222 Meo,

255 4238 461 4291 Annali
496 4239 545 4303 Ι,
573 4257 636 4306 p.
682 4239 784 4290 146
816 4255 925 4304 sqq.
964 4239 1078 4290 BE.
1231 4236 1290 4304 3)
1329 4237 1460 4305 Rey.
1502 4237 1637 4300 XII,
1668 4237 1754 4288 21.
1903 4233 1963 4302 4)
2000 4235 2152 4286 Haec
2188 4251 2294 4286 non
2322 4240 2496 4299 potest

253 4328 365 4364 esse
386 4311 514 4379 filia
561 4310 974 4379 Theadelzf‘ndae,
1012 4311 1078 4362 de
1114 4327 1223 4378 qua
1254 4309 1412 4377 Om'qo
1449 4309 1651 4378 Lamp:
1693 4310 1881 4375 genuit
1918 4310 2106 4374 Aequo
2146 4307 2212 4357 de
2251 4306 2496 4359 Theode-

251 4384 406 4435 linda
442 4384 608 4436 filiam
649 4386 862 4436 nomine
902 4383 1263 4452 Guupergam.
1341 4384 1453 4434 BE.
