3042 4909
516 388 593 437 40
984 383 1201 434 PAULI
1239 359 1588 433 HISTORIA
1626 380 2295 433 LANGOBARDORUM.

526 555 650 637 usi,
697 561 767 617 ut
808 575 949 617 eam
981 553 1210 636 potius
1254 547 1647 696 deformasse
1688 571 1886 633 quam
1914 550 2278 614 reddidisse
2309 551 2440 614 sint
2469 551 2754 616 dicendi.

526 638 783 702 Horum
826 657 1075 720 quoque
1119 657 1300 718 comp
1330 655 1458 696 ura
1503 654 1746 719 qenera
1787 634 2237 698 discernamus
2281 643 2544 719 oportet.

707 720 920 784 Unum
962 719 1099 802 (H)
1147 718 1237 781 ad
1284 715 1568 781 Galliam
1604 719 1960 802 pertinens.

695 801 833 888 (81)
866 804 1023 866 HI.
1105 802 1561 867 Vaticanus
1587 804 1928 887 reyinae
1963 800 2758 883 ChristinaeNr.905,

528 886 793 958 olimss.
838 888 1102 952 Mariae
1157 886 1718 966 Pontiniacensis,
1796 885 2051 952 membr.
2111 909 2164 949 s.
2209 886 2406 949 XIII.
2481 887 2576 950 in.
2623 887 2756 972 fol,

523 971 767 1035 Eodem
827 970 1151 1035 volumine
1214 971 1664 1034 continentur:
1730 969 1970 1050 Dares,
2036 969 2338 1034 Historia
2379 970 2759 1055 Apollonii,

525 1055 846 1118 Ademari
890 1056 1169 1119 historia
1197 1053 1626 1134 Francorum,
1671 1054 1978 1139 Huyonis
2006 1052 2448 1118 Floriacensis
2476 1055 2758 1121 historia

524 1138 979 1220 ecclesiastica,
1052 1139 1323 1203 nomina
1383 1139 1762 1223 reqionum,
1813 1139 2103 1201 civitates
2155 1137 2436 1202 Galliae.
2509 1140 2672 1204 Inde
2717 1164 2761 1204 a

526 1221 693 1287 libro
741 1223 867 1286 III.
958 1224 1294 1287 raesertim
1339 1222 1622 1286 codicem
1664 1219 1894 1285 classis
1943 1220 2000 1286 C
2033 1223 2345 1305 sequitur.

622 1306 833 1454 Χὲὃὲ)
975 1310 1073 1370 1³.
1140 1306 1553 1370 Romanus
1602 1302 2168 1370 Corsinianus
2209 1306 2336 1369 Nr.
2365 1305 2509 1387 863,
2554 1308 2758 1371 chart.

528 1412 578 1454 s.
736 1391 798 1455 V
903 1390 1304 1454 Ademarum
1368 1398 1427 1452 et
1487 1388 1772 1452 Paulum
1835 1411 1914 1454 eoe
1981 1390 2061 1452 H
2083 1390 2114 1453 1
2181 1391 2538 1475 descriptos
2605 1414 2762 1474 esse,

514 1475 850 1560 judicavit
890 1475 1281 1538 Betkmann.

613 1556 836 1706 Xl(?73)
882 1559 962 1621 H
979 1557 1038 1621 2.
1137 1558 1578 1621 Vaticanus
1620 1556 1743 1619 Nr.
1782 1556 1964 1637 1795,
2006 1557 2262 1621 membr.
2286 1556 2416 1642 fol.
2460 1579 2510 1620 s.
2553 1558 2758 1640 XIII,-

341 1660 421 1716 ·p.
452 1667 509 1708 40
532 1664 583 1705 s.
774 1690 788 1704 .

851 1641 1170 1706 Forolivii
1214 1648 1648 1721 asservatusl,
1696 1643 1954 1722 *antea,
2000 1650 2072 1704 ut
2099 1643 2376 1722 videtur,
2424 1643 2641 1705 Trecis
2683 1645 2757 1706 in

534 1724 824 1791 Gallim.
892 1727 1113 1790 Etiam
1158 1726 1260 1789 hic
1290 1726 1505 1788 Dares
1550 1733 1607 1786 et
1637 1724 2007 1788 Ademarus
2036 1725 2316 1789 Paulum
2358 1726 2761 1808 antecedunt,

526 1819 892 1895 sequuntur
935 1810 1214 1874 historia
1257 1808 1651 1890 Aleoeandri,
1699 1809 2041 1872 Tractatus
2085 1811 2163 1873 de
2206 1808 2461 1874 Sibillis
2506 1808 2760 1894 (Sibille

530 1892 908 1979 generaliter
951 1914 1169 1958 omnes
1211 1892 1398 1978 sqq.),
1441 1893 1708 1958 Roberti
1750 1893 2027 1956 historia
2072 1892 2711 1981 Hierosolymitana.·

700 1978 837 2066 (84)
895 1979 973 2041 Η
1013 1979 1074 2043 3.
1177 1978 1591 2042 Romanus
1653 1974 2298 2041 Casanatensis³
2368 1976 2463 2058 A,
2525 1978 2589 2059 I,
2655 1981 2760 2059 21,

527 2063 783 2126 membr.
842 2086 891 2126 s.
947 2063 1136 2126 XIII.
1223 2063 1301 2126 ol.
1386 2062 1540 2125 Post
1595 2061 1921 2142 Daretem,
1974 2061 2342 2126 Historiam
2400 2062 2760 2146 Apollonii,

529 2146 894 2211 Historiam
916 2146 1151 2233 Lanyo
1194 2148 1511 2210 ardorum
1539 2143 1850 2230 leyuntur
1879 2146 2218 2229 epitaphia
2239 2145 2561 2210 Ludovici
2584 2171 2654 2210 re
2700 2149 2762 2209 is

522 2239 581 2293 et
619 2230 919 2311 aliorum,
953 2231 1187 2295 Passio
1225 2231 1500 2294 leomae
1541 2228 2062 2308 Cantuariensis,
2108 2229 2483 2295 Translatio
2517 2230 2587 2296 S.
2672 2240 2757 2294 te·

516 2314 762 2398 phani,
822 2315 965 2379 Vita
1010 2313 1082 2379 S.
1126 2314 1482 2378 Leonardi.

527 2440 584 2505 1)
635 2440 819 2491 Ultimo
820 2441 961 2506 folio
981 2441 1110 2492 haec
1128 2442 1397 2508 leywntur:
1425 2441 1490 2490 In
1511 2446 1826 2491 xlllchVII.
1858 2444 1911 2489 et
1939 2456 2136 2490 van1.
2161 2446 2215 2491 et
2232 2442 2292 2490 in
2309 2446 2457 2507 parte
2484 2443 2761 2507 sequentis

523 2514 651 2563 anni
688 2529 885 2579 magna
911 2514 1166 2580 epidimia
1190 2514 1291 2565 fuit
1323 2514 1379 2563 in
1406 2513 1644 2576 Firlivio,
1682 2515 1810 2564 item
1854 2514 1912 2562 in
1945 2518 2200 2576 111110211,
2238 2515 2367 2564 item
2401 2516 2457 2564 in
2494 2521 2763 2578 11110va,

519 2592 646 2638 tem
682 2588 977 2650 ianx1111,
1016 2588 1145 2637 item
1165 2589 1221 2636 in
1241 2603 1470 2637 Lxxx111.
1535 2588 1599 2635 In
1619 2591 1919 2637 u111⁶1.xxv.
1943 2587 2132 2637 civitas
2156 2586 2363 2638 Cesene
2383 2587 2644 2639 derobata
2661 2589 2761 2639 fuit

523 2675 556 2710 a
595 2659 914 2710 Bretonibus
954 2660 1284 2726 capientibus
1323 2661 1562 2711 homines
1602 2665 1656 2709 et
1692 2660 1942 2710 mulieres
1983 2665 2036 2710 et
2057 2661 2425 2726 vituperantes
2467 2677 2577 2724 eos,
2616 2653 2758 2727 q'uod

521 2733 703 2783 facere
741 2748 848 2783 non
884 2733 1199 2798 potuissent,
1237 2734 1344 2783 nisi
1380 2733 1757 2783 intervenisset
1796 2731 2052 2783 auxilium
2081 2733 2260 2783 domni
2296 2733 2553 2784 Iohannis
2590 2735 2756 2799 Aguti

525 2821 646 2856 cum
676 2807 785 2856 suis
824 2806 1074 2870 gentibus
1115 2805 1179 2855 de
1212 2805 1552 2871 Inghilterra,
1605 2807 1696 2871 qui
1735 2811 1849 2856 erat
1873 2807 2132 2856 Faventie
2183 2811 2617 2856 mucuxxxnn.
2668 2808 2757 2857 die

521 2895 625 2930 v11.
662 2879 907 2944 Augusti,
960 2878 1085 2928 dum
1137 2885 1278 2928 esset
1323 2893 1515 2945 guerra
1565 2880 1704 2929 inter
1756 2878 1994 2930 Cechum
2035 2886 2088 2929 et
2134 2879 2310 2928 Pirum
2361 2879 2427 2929 de
2468 2878 2757 2931 Ordelaffis

525 2968 591 3002 ex
628 2967 735 3003 una
775 2958 924 3018 parte
964 2957 1018 3002 et
1053 2950 1310 3002 Karolum
1361 2952 1545 3002 domni
1599 2950 1862 3003 Gallaotti
1913 2953 1979 3001 de
2028 2952 2327 3002 Malatestis
2379 2957 2432 3001 et
2460 2952 2648 3003 fratres
2688 2968 2755 3002 ex

522 3024 713 3075 altera.
789 3024 934 3075 Hinc
971 3025 1098 3074 inde
1126 3024 1304 3076 multis
1344 3025 1589 3091 dampnis
1617 3026 1773 3088 datis,
1812 3027 1961 3075 venit
1999 3026 2115 3092 ipse
2141 3024 2369 3076 Karolus
2399 3041 2518 3076 cum
2555 3041 2755 3091 magna

523 3103 685 3164 gente
723 3098 780 3147 in
826 3097 958 3148 villa
994 3096 1211 3148 Bosecli
1265 3097 1536 3149 districtus
1588 3097 1830 3150 Forlivii.
1905 3100 2055 3148 Tunc
2095 3098 2452 3150 Forlivienses
2502 3105 2760 3151 exeuntes

525 3176 672 3221 extra
720 3177 774 3221 et
825 3187 932 3222 non
968 3170 1209 3222 valentes
1247 3172 1496 3222 resistere
1537 3170 1695 3223 dictis
1747 3172 2015 3237 gentibus,
2066 3173 2212 3239 capti
2256 3172 2469 3223 fuerunt
2518 3173 2585 3222 de
2624 3174 2753 3223 For·

519 3244 650 3295 livio
687 3242 866 3311 plures
905 3244 995 3293 4¹¹³
1033 3243 1093 3311 (4
1130 3242 1403 3310 milibus?)
1441 3245 1700 3308 homines,
1740 3251 1794 3295 et
1829 3245 2156 3296 redimerunt
2192 3261 2251 3297 se
2291 3247 2499 3311 magnis
2548 3240 2662 3312 qm,
2704 3253 2757 3297 et

524 3316 787 3383 aliquanti
836 3318 1049 3368 fuerunt
1086 3319 1295 3369 mortui.
1393 3316 1461 3368 In
1510 3317 1621 3367 ima
1660 3317 1873 3385 paqina
1910 3318 2264 3384 praecedente
2301 3318 2544 3370 Blondus
2580 3317 2756 3370 Forti-

521 3389 732 3453 viensis‚
773 3391 922 3458 cujus
974 3406 1164 3441 manus
1213 3407 1316 3457 per
1370 3398 1533 3441 totum
1589 3391 1814 3442 codicem
1867 3392 2080 3441 notulas
2128 3389 2457 3458 marqinibus
2515 3392 2760 3458 aspersit,

522 3464 651 3516 haec
691 3464 924 3515 addidit:
965 3465 1185 3515 Referre
1224 3464 1383 3515 solita
1417 3464 1518 3515 fuit
1542 3465 1835 3515 Francisca
1872 3466 2101 3529 genitrix
2139 3467 2245 3515 mei
2270 3463 2484 3528 Blondi,
2525 3482 2629 3532 quo
2670 3466 2760 3516 die

521 3537 777 3590 tumultus
804 3538 893 3589 hic
931 3537 1188 3589 Forolivii
1210 3538 1327 3600 fuit,
1368 3553 1503 3599 eam,
1546 3553 1649 3603 que
1677 3536 1820 3605 apud
1859 3539 2173 3603 genitricem
2202 3544 2255 3588 et
2278 3538 2469 3589 fratres
2508 3554 2757 3605 pransum

524 3617 654 3675 erat,
695 3627 816 3663 cum
854 3610 1079 3662 vidisset
1117 3613 1263 3662 cives
1301 3609 1373 3660 ad
1411 3625 1560 3661 arma
1610 3611 1925 3674 discurrere,
1977 3627 2265 3663 memorem
2315 3612 2492 3663 subito
2541 3612 2760 3675 factam,

522 3701 671 3735 arma
718 3685 977 3750 genitoris
1026 3686 1133 3734 mei
1167 3686 1226 3734 in
1273 3684 1519 3735 cubiculo
1560 3683 1744 3736 clausa
1782 3700 1916 3748 esse,
1974 3686 2123 3736 cuius
2167 3687 2286 3752 ipsa
2326 3684 2506 3736 claves
2536 3690 2760 3749 teneret,

522 3774 608 3807 me
645 3759 839 3824 raptim
877 3758 1079 3822 gremio
1120 3763 1417 3824 exceptum,
1458 3758 1551 3823 qui
1589 3774 1797 3810 menses
1833 3763 1953 3809 octo
1992 3763 2148 3809 natus
2200 3773 2387 3822 essem,
2439 3763 2761 3825 asportasse,

523 3828 670 3880 nullo
699 3835 982 3896 expectato
1007 3831 1211 3881 itineris
1245 3832 1455 3892 comite,
1496 3836 1551 3881 et
1581 3831 1650 3880 ad
1678 3847 1826 3882 arma
1863 3832 2001 3897 patri
2027 3847 2146 3882 meo
2174 3831 2355 3882 danda
2379 3832 2521 3882 viam
2548 3846 2760 3882 omnem

526 3902 841 3954 decurrisse.
879 3903 1150 3953 BETHM.
1302 3901 1359 3968 2)
1409 3902 1472 3956 Ut
1509 3903 1724 3969 conjicio
1765 3920 1829 3955 ex
1865 3902 1933 3954 iis
1971 3920 2110 3971 quae
2148 3904 2222 3955 ad
2259 3903 2342 3968 II,
2386 3907 2450 3954 4:
2489 3905 2760 3971 fugientes

527 3974 737 4026 cladem
772 3977 886 4027 vita
934 3975 1383 4041 relinquebantur,
1431 3976 1664 4042 margini
1707 3976 1956 4043 imposita
2004 3978 2273 4044 lequntur:
2328 3977 2397 4030 al.
2449 3977 2625 4029 ‘vitae’
2662 3993 2764 4045 per

528 4047 854 4116 diptongum,
896 4055 949 4101 et
974 4050 1054 4099 sic
1093 4054 1173 4099 est
1210 4049 1266 4099 in
1303 4051 1624 4101 monasterio
1652 4051 2089 4117 Pontigniacensi
2125 4049 2605 4102 Autissiodorensis
2645 4050 2758 4102 dio-

528 4123 682 4184 cesis,
722 4122 792 4173 al.
830 4120 1048 4185 ‘vitam’,
1086 4128 1147 4173 ut
1182 4123 1238 4172 in
1275 4123 1595 4174 monasterio
1649 4123 1716 4174 de
1762 4125 2025 4189 Rigniaco
2075 4125 2218 4174 dicte
2260 4124 2490 4175 diocesis
2535 4124 2612 4175 ita
2662 4130 2764 4175 est.

523 4194 799 4246 Johannes
829 4194 895 4246 de
936 4196 1269 4247 castronovo
1293 4198 1582 4247 canonicus
1603 4196 1904 4248 Trecensis.
1941 4196 2219 4248 BETHM.
2370 4194 2429 4262 3)
2476 4194 2610 4246 Olim
2631 4196 2756 4263 for·

525 4273 663 4319 tasse
702 4267 1085 4335 Riqniacensis,
1125 4277 1185 4321 ut
1221 4277 1348 4320 nota
1383 4269 1606 4323 innuere
1644 4270 1855 4323 videtur
1896 4269 2211 4338 marginalis
2253 4269 2326 4321 ad
2352 4269 2758 4336 praecedentem

522 4340 750 4393 codicem
789 4342 971 4395 allata.
1022 4344 1293 4395 BETHM.
