3042 4909
550 378 770 429 PAULI
809 378 1154 431 HISTORIA
1196 380 1871 438 LANGOBARDORUM.
1945 386 2087 439 LIB.
2129 387 2236 441 111.
2405 390 2507 441 129

268 567 311 608 a
331 544 520 610 beato
539 543 853 632 Gregorio
881 547 950 610 in
985 556 1229 634 septem
1250 549 1580 634 partibus⁸¹
1622 550 2074 637 deprecaturus
2103 553 2504 620 Dominumb

275 637 374 694 est
438 629 701 695 divisus.
809 630 888 694 In
954 632 1162 717 primo
1218 653 1496 719 namque
1550 633 1742 699 choro
1806 634 1929 700 fuit
1992 639 2197 702 omnis
2271 637 2505 723 clerus,

264 713 335 775 in
394 713 675 778 secundo
736 735 956 780 omnes
1021 714 1286 781 abbates
1344 737 1489 780 cum
1551 718 1880 783 monachis
1901 731 1926 764 ⁶
1979 720 2128 803 suis,
2191 722 2260 787 in
2318 725 2504 789 tertio

265 818 486 861 omnes
562 796 924 864 abbatissae
1012 820 1160 863 cum
1237 801 1842 887 congregationibus
1906 806 2072 887 suis,
2145 806 2211 869 in
2276 816 2502 893 quarto

261 901 485 945 omnes
542 880 814 947 infantes
829 931 845 964 ,
899 882 966 945 in
1014 883 1235 968 quinto
1288 905 1507 950 omnes
1559 883 1707 950 laici
1720 886 1768 968 ἃ,
1820 887 1887 951 in
1944 897 2126 954 sexto
2173 890 2504 956 universae

259 964 512 1047 viduae,
542 966 608 1028 in
666 966 937 1052 septimo
983 987 1204 1031 omnes
1248 966 1542 1033 mulieres
1594 971 1989 1056 coniugatae.
2086 971 2244 1037 Ideo
2288 984 2504 1039 autem

264 1047 345 1113 de
405 1047 593 1114 beato
662 1047 980 1135 Gregorio
1036 1048 1223 1149 plura
1267 1051 1479 1118 dicere
1524 1053 1940 1138 obmittimus,
1987 1055 2139 1143 quia
2180 1058 2311 1121 iam
2353 1067 2501 1124 ante

257 1131 519 1218 aliquod
562 1154 762 1198 annos
806 1135 944 1199 eius
990 1144 1185 1199 vitam
1228 1134 1373 1201 Deo
1424 1134 1770 1202 auxiliante
1821 1138 2164 1204 texuimus.
2251 1140 2330 1205 In
2374 1162 2503 1227 qua

307 1227 465 1281 uae⁰
509 1216 783 1282 dicenda
821 1216 1072 1283 fuerant
1111 1220 1293 1283 iuxta
1333 1220 1660 1285 tenuitatis
1689 1231 1942 1288 nostrae
1985 1224 2154 1289 vires
2199 1226 2501 1289 universa

303 1301 454 1365 iscri
501 1302 698 1365 simus
712 1301 809 1366 Μ.

428 1386 467 1449 2
512 1431 527 1447 .
615 1384 800 1449 Hoc⁹
833 1394 1121 1471 tempore
1149 1384 1400 1450 isdem&
1427 1387 1652 1452 beatus
1684 1386 2033 1474 Gregorius
2061 1388 2498 1475 Augustinum

255 1475 321 1534 et
371 1467 684 1533 Mellitum
728 1476 792 1533 et
817 1467 1168 1536 Iohannem
1212 1492 1361 1534 cum
1406 1469 1544 1536 aliis
1583 1470 1874 1558 pluribus
1918 1473 2245 1538 monachis
2274 1476 2498 1540 timen-

251 1551 427 1617 tibus
469 1552 684 1617 Deum
741 1554 811 1617 in
858 1553 1233 1618 Brittaniam
1249 1556 1276 1596 ¹¹
1332 1555 1504 1620 misit
1568 1577 1917 1644 eorumque
1986 1557 2495 1643 praedicationei

251 1635 339 1701 ad
384 1634 711 1701 Christum
752 1634 996 1785 ΑηὶΙοε
1041 1638 1370 1703 convertit.

421 1720 523 1785 26.
598 1720 717 1785 His
763 1720 867 1786 die

301 1806 626 1891 ostquam¹
697 1804 1060 1892 quindecim
1120 1826 1321 1869 annos
1380 1805 1807 1872 sacerdotmm
1864 1819 2168 1893 gesserat,
2216 1808 2493 1875 Severus

251 1827 406 1951 huic
469 1889 817 1953 succedens
868 1888 1213 1976 regendam
1265 1891 1549 1975 suscepit
1605 1889 1963 1956 ecclesiam.
2051 1891 2262 1973 Quem
2315 1892 2492 1958 Sma-

247 1972 524 2036 racdus¹¹¹¹
554 1972 904 2059 patriciusu
932 1973 1195 2038 veniens
1227 1971 1307 2037 de
1335 1973 1642 2038 Ravenna
1685 1975 1754 2039 in
1786 1974 2043 2040 Gradus
2060 1985 2106 2058 ⁰,
2149 1998 2267 2074 per
2295 1984 2496 2042 semet

249 2056 464 2142 ipsum
515 2068 594 2120 ev
644 2054 912 2121 basilica
962 2055 1320 2139 extrahens,
1374 2057 1748 2123 Ravennam
1795 2081 1945 2123 cum
1987 2058 2262 2123 iniurias
2306 2060 2494 2126 duxit

251 2160 400 2203 cum
442 2138 583 2204 aliis
642 2138 883 2204 tribus‘
942 2162 1025 2205 ex
1073 2139 1319 2204 Histria
1374 2141 1713 2228 episcopis,
1768 2141 1836 2204 id
1887 2149 1983 2206 est
2030 2140 2313 2207 Iohanne
2370 2144 2493 2208 Pa·

250 2223 499 2288 rentino
554 2234 618 2288 et
661 2223 940 2289 Severo-¹¹
981 2231 1050 2287 at
1095 2245 1176 2290 ue
1216 2223 1559 2290 Vindemio
1572 2235 1618 2307 ⁴,
1678 2245 1925 2289 necnon
1973 2226 2165 2289 etiam
2208 2223 2489 2290 Antonio

250 2307 383 2371 iam
425 2329 573 2373 sene
592 2318 614 2351 ⁸
659 2307 967 2373 ecclesiae
984 2319 1008 2355 ⁵
1099 2306 1403 2373 efensore.
1512 2307 1765 2389 Quibus
1830 2309 2224 2372 comminans
2298 2307 2493 2374 exilia

247 2401 442 2476 atque
498 2389 896 2457 violentiam‘
965 2391 1273 2473 inferens,
1344 2392 1815 2456 communicare
1880 2390 2166 2477 conpulit
2222 2391 2491 2457 Iohanni

248 2474 647 2540 Ravennati¹²¹
687 2476 903 2561 episco
955 2497 1021 2556 o,
1089 2476 1282 2540 trium
1342 2496 1418 2540 ca
1464 2474 1765 2540 itulorum
1817 2475 2193 2557 damnatori,
2247 2475 2359 2562 qui
2408 2487 2487 2540 av

255 2567 544 2657 tempore
587 2572 854 2645 papaew
959 2557 1116 2644 igilii
1174 2558 1357 2623 *velx
1468 2558 1660 2644 elagii
1712 2580 1752 2622 a
1794 2558 2121 2624 Romanae
2184 2559 2489 2625 ecclesiae

247 2640 654 2707 desciverat?
709 2642 1037 2709 societate2
1058 2674 1068 2685 ·
1088 2652 1132 2705 θ.
1239 2641 1604 2729 Exempto-³
1650 2664 1800 2708 vero
1854 2664 2040 2726 anno,
2101 2665 2137 2708 e
2182 2643 2491 2708 Ravenna

245 2803 295 2857 a)
324 2806 387 2845 ita
418 2810 587 2846 tantum
616 2817 708 2846 non
739 2816 909 2856 ornnes,-
942 2809 1097 2856 partes
1128 2805 1170 2845 A
1203 2806 1243 2845 3.
1276 2805 1319 2845 D
1354 2806 1397 2844 2.
1517 2804 1566 2856 b)
1597 2805 1748 2846 Deum
1784 2804 1825 2847 G
1859 2807 1898 2845 1.
1927 2807 1967 2847 2.
2089 2805 2131 2858 c)
2166 2808 2484 2857 congregatio-

248 2864 385 2905 nibus
415 2863 457 2904 A
490 2868 530 2907 1.
654 2863 699 2916 d)
732 2865 898 2905 laichis
927 2865 964 2903 F
1002 2867 1050 2916 13
1079 2864 1222 2905 laichi
1254 2862 1295 2905 G
1328 2865 1368 2904 1.
1492 2861 1537 2914 e)
1572 2875 1890 2915 quaecumque
1922 2863 1976 2907 O.
2004 2865 2074 2915 D;
2105 2866 2222 2906 deest
2253 2866 2352 2907 ΑΒ.
2389 2864 2489 2907 Gs.

247 2921 286 2975 f)
317 2923 381 2963 ita
411 2923 452 2963 A
486 2925 531 2965 1.
560 2924 598 2964 F
634 2926 682 2972 13
728 2923 1030 2964 describimus
1063 2922 1104 2963 G
1136 2924 1187 2972 33
1239 2922 1565 2973 descripsimus
1611 2923 1752 2964 ceteri.
1903 2922 1950 2975 g)
1982 2924 2163 2966 hisdem
2193 2926 2231 2966 B
2272 2927 2314 2966 2.
2349 2924 2385 2967 Ο
2414 2925 2490 2970 sb.

245 2984 361 3023 13¹1.
393 2983 431 3023 F
464 2983 504 3023 1.
541 2980 582 3023 G
615 2984 654 3023 1.
689 2982 732 3026 8.
763 2983 786 3022 Ι
818 2983 870 3031 33
911 2982 1037 3022 idem
1067 2981 1108 3021 A
1140 2978 1202 3024 ⁶2.
1235 2980 1276 3023 G
1309 2983 1349 3023 2.
1383 2981 1407 3021 1
1440 2982 1480 3033 2,
1512 2982 1605 3025 alii.
1754 2980 1801 3033 h)
1836 2983 1898 3022 ita
1929 2983 1971 3023 A
2004 2985 2043 3025 1.
2077 2981 2118 3024 G
2149 2984 2200 3034 ὃς
2231 2984 2491 3024 Britaniam

243 3043 283 3083 Ρ
317 3044 358 3083 1.
393 3040 436 3083 G
469 3044 509 3084 1.
542 3044 596 3092 43
627 3041 919 3082 Britanniam
948 3041 991 3080 D
1011 3042 1063 3090 13
1093 3041 1404 3081 Brittanniam
1436 3039 1477 3080 G
1495 3042 1536 3080 2.
1656 3040 1690 3092 i)
1723 3042 2086 3091 predicationem
2116 3040 2158 3081 A
2177 3044 2217 3082 1.
2250 3043 2285 3084 C
2305 3044 2344 3082 1.
2374 3043 2417 3083 D
2437 3044 2489 3092 13

247 3101 369 3152 quod
387 3100 586 3149 fortasse
616 3100 903 3150 recipiendum
934 3104 1041 3140 erae.
1163 3097 1211 3149 k)
1244 3100 1307 3140 ita
1337 3100 1414 3139 hoe
1445 3099 1537 3139 loco
1569 3099 1611 3139 A
1645 3101 1686 3141 1.
1720 3101 1759 3140 2.
1790 3100 1828 3140 F
1862 3101 1905 3142 1.
1940 3102 1980 3141 G
2012 3101 2064 3151 ὃς
2096 3100 2335 3151 Aquileig.
2368 3101 2403 3144 Ο
2439 3103 2490 3151 1;

245 3159 455 3210 Aquilig.
489 3158 531 3201 G
567 3161 606 3201 l.
639 3160 680 3199 2.
831 3157 866 3210 1)
897 3161 1003 3209 post
1034 3157 1075 3198 G
1105 3154 1176 3208 Ὣς
1226 3159 1305 3208 qui
1339 3158 1380 3199 G
1413 3157 1463 3202 83
1511 3159 1592 3208 qui
1638 3161 1884 3209 postquam
1916 3158 1958 3200 G
1990 3160 2030 3201 1.
2066 3160 2121 3210 Ως
2168 3163 2214 3200 et
2244 3163 2491 3210 postquam

244 3231 269 3259 e
299 3229 416 3261 corr.
443 3218 486 3257 D
521 3219 560 3271 1,
606 3222 644 3258 et
675 3218 739 3257 ita
768 3218 848 3257 alii
875 3218 934 3258 D.
1088 3216 1149 3267 m)
1181 3215 1446 3257 Smaractus
1477 3216 1501 3256 1
1534 3219 1587 3266 ις
1634 3216 1915 3267 smaragdus
1964 3219 2042 3258 hoc
2085 3229 2181 3269 cap.
2212 3220 2341 3259 etiam
2372 3219 2413 3259 A
2448 3219 2490 3259 1.

246 3275 298 3329 n)
330 3280 447 3328 patr.
481 3296 534 3308 —
569 3274 750 3317 Gradus
778 3278 865 3320 des.
896 3277 940 3316 D
960 3278 1031 3317 la.
1066 3273 1107 3316 G
1127 3274 1229 3317 3.4.
1351 3274 1396 3328 o)
1429 3274 1598 3315 Gradis
1631 3271 1750 3317 G‘2.
1872 3273 1924 3327 p)
1956 3281 2003 3317 et
2031 3276 2130 3317 As.
2161 3277 2267 3327 F13
2300 3287 2343 3321 a.
2362 3276 2414 3320 0.
2429 3278 2489 3319 D.

240 3334 292 3388 q)
320 3336 543 3377 iniuriam
571 3336 612 3376 A
645 3337 686 3376 2.
837 3334 876 3387 r)
910 3345 969 3376 ex
998 3334 1070 3375 his
1101 3334 1247 3375 tribus
1278 3345 1351 3385 ep.
1383 3334 1425 3374 A
1455 3330 1517 3374 ·8.
1670 3331 1711 3384 s)
1742 3343 1903 3375 senem
1935 3334 1977 3377 G
2010 3338 2050 3386 1,
2081 3346 2194 3376 corr.
2226 3345 2338 3376 sene
2372 3334 2413 3377 G
2447 3337 2487 3377 2.

241 3393 280 3447 t)
308 3395 533 3436 violentia
562 3393 604 3434 A
638 3393 676 3435 2.
798 3392 848 3446 n)
881 3394 1152 3434 Ravennato
1181 3394 1218 3432 F
1237 3396 1279 3438 1.
1395 3390 1442 3443 v)
1474 3393 1586 3432 deest
1618 3392 1667 3434 O.
1700 3391 1760 3434 D.
1793 3394 1837 3433 H
1857 3395 1895 3432 1.
1929 3394 1952 3433 1
1971 3394 2010 3433 2.
2131 3391 2193 3444 w)
2225 3395 2334 3434 deese
2364 3391 2488 3438 A·8.

244 3452 295 3506 x)
328 3453 404 3494 vel
437 3454 489 3496 Ρ.
521 3454 608 3494 des.
641 3453 742 3494 Aa.
863 3450 911 3504 y)
945 3452 1201 3493 desciberat
1230 3451 1327 3494 Fi.
1363 3449 1463 3493 Gl.
1497 3449 1561 3491 ⁸2.
1598 3452 1649 3500 Ως
1681 3450 1966 3492 describerat
1995 3452 2037 3492 A
2071 3452 2110 3490 1.
2145 3453 2186 3493 2.
2219 3453 2258 3493 B
2292 3453 2333 3495 2.
2368 3452 2483 3502 G43

246 3507 695 3561 deseribserat0'13
728 3510 1164 3562 descdpseratG83
1197 3510 1471 3550 discesserat
1499 3508 1598 3551 1¹5.
1692 3507 1734 3561 z)
1766 3508 1996 3559 potestate
2027 3509 2127 3550 As.
2219 3508 2265 3561 a)
2298 3512 2484 3561 nxepto

242 3572 282 3611 Γ
318 3573 366 3620 1;
395 3572 605 3621 Excepto
636 3569 678 3610 A
711 3573 751 3613 1.
785 3567 848 3611 ’3.
879 3571 923 3610 D
945 3572 983 3613 1.
1014 3571 1051 3609 F
1085 3571 1124 3612 2.
1158 3568 1256 3609 Gl.
1292 3565 1352 3609 ⁶2.
1386 3569 1428 3610 8.
1460 3570 1512 3618 ⁴3
1545 3567 1745 3618 Expleto
1774 3568 1872 3608 Fs.
1907 3568 1949 3609 G
1981 3568 2055 3610 δα.
2089 3577 2141 3618 c;
2172 3569 2289 3619 quoa
2318 3569 2487 3610 Paulus

230 3630 433 3679 sortasse
461 3629 646 3671 scribere
673 3630 833 3680 volum
863 3629 1059 3680 Excepti
1090 3629 1276 3672 Verona
1305 3630 1352 3667 et
1380 3627 1607 3668 Ravenna
1635 3626 1672 3667 F
1704 3626 1747 3669 5.

247 3762 305 3828 1)
341 3760 427 3812 De
466 3777 572 3827 qua
608 3763 677 3828 ef.
704 3761 1024 3824 Bethmann,
1052 3758 1213 3814 Arch.
1256 3759 1321 3823 Χ,
1350 3776 1414 3826 p.
1453 3760 1561 3810 303
1600 3775 1709 3826 sqq.
1785 3758 1939 3811 Haec
1973 3774 2155 3826 pauca
2194 3758 2486 3813 exscribere

227 3835 394 3902 juvat
429 3834 595 3886 verba
632 3851 677 3888 ο.
719 3836 816 3884 16.-
862 3835 1110 3901 Denique
1150 3850 1273 3886 cum
1311 3833 1380 3885 de
1435 3839 1551 3885 tota
1607 3848 1745 3900 pene
1802 3831 1966 3884 Italia
2003 3832 2482 3900 Langobardorum

241 3907 458 3974 gladios
514 3913 811 3961 metuentes
867 3906 1081 3974 plurimi
1137 3908 1376 3973 undique
1422 3905 1493 3958 ad
1531 3907 1828 3959 Romanam
1885 3905 2071 3958 urbem
2131 3907 2476 3968 confluerent,

241 3980 496 4034 solertem
553 3997 649 4047 pro
696 3980 941 4033 omnibus
1000 3995 1182 4032 curam
1246 3980 1470 4047 gerebat
1510 3985 1566 4031 et
1622 3980 1883 4031 universis
1942 3994 2060 4030 cum
2083 3979 2235 4032 verbi
2273 3978 2477 4045 pabulo

239 4055 481 4120 corporis
518 4053 761 4106 subsidia
796 4053 1146 4106 ministrabat.
1334 4050 1393 4119 2)
1432 4053 1526 4106 Ex
1560 4051 1625 4105 0.
1658 4060 1814 4119 pont.
1855 4050 2012 4121 Greq.
2185 4049 2245 4118 3)
2292 4049 2481 4119 Terqe-

236 4125 395 4179 atino.
474 4127 586 4179 ΒΕ.
771 4125 833 4193 4)
875 4124 1120 4178 OEssensi.
1196 4127 1310 4177 ΒΕ.
1499 4124 1559 4193 5)
1597 4125 1637 4177 i.
1676 4142 1722 4178 e.
1761 4122 2072 4178 Gradensis.
2148 4122 2482 4176 Antoninum

236 4199 488 4252 ecclesiae
513 4199 787 4252 Romanae
812 4199 1140 4264 defensorem
1160 4199 1316 4266 salso
1353 4206 1506 4251 vocat
1530 4199 1625 4265 qui
1662 4196 1871 4251 brevius
1897 4198 2117 4251 eandem
2143 4214 2252 4251 rem
2286 4203 2483 4249 narrat

234 4271 513 4325 Iohannes
550 4272 692 4325 diac.
730 4270 791 4324 in
840 4271 962 4323 Vita
1001 4271 1247 4340 Gregorii
1281 4271 1357 4324 M.
1386 4271 1489 4335 IV,
1519 4272 1609 4323 38.
1686 4273 1801 4323 ΒΕ.
1953 4269 2012 4338 6)
2052 4270 2298 4322 Romana
2328 4270 2482 4323 eccle-

237 4344 326 4397 sia
363 4352 593 4412 tempore
644 4343 825 4414 Vigilii
873 4352 922 4398 et
959 4342 1169 4412 Pelagii
1224 4344 1273 4409 Ι,
1328 4341 1423 4411 qui
1477 4344 1612 4396 sedit
1650 4360 1704 4395 a.
1761 4344 1886 4397 555.
1944 4360 2111 4411 usque
2150 4344 2224 4397 ad
2262 4361 2314 4396 a.
2356 4343 2483 4406 559,

1948 4445 1979 4494 9

913 1743 990 1786 us
1035 1720 1335 1786 defuncto
1371 1722 1562 1787 Helia
1592 1720 2011 1822 Aquilegensi
2042 1726 2070 1767 ¹*
2109 1725 2493 1810 patriarcha,
2516 1748 2619 1792 ⁶87.

2510 2573 2528 2595 ’
2543 2589 2588 2630 p.
2622 2580 2724 2623 106.
