3042 4909
463 385 686 438 PAULI
726 383 1073 437 HISTORIA
1110 385 1781 439 LANGOBARDORUM.
1857 387 2001 440 LIB.
2043 390 2135 441 VI.
2345 392 2449 442 241

213 574 449 619 nomen
479 562 591 637 est,
637 555 819 618 iuxta
861 553 1124 618 fluvium
1164 552 1507 634 Tanarum,
1553 555 1652 618 vir
1679 555 1877 618 mirae
1909 556 2258 620 sanctitatis
2286 557 2458 621 Bao·

216 635 514 702 dolinus⁸¹
557 638 832 720 nomine,
878 637 988 724 qui
1017 636 1232 701 multis
1261 636 1603 719 miraculis,
1649 636 1886 703 Christi
1929 639 2181 724 gratiab
2232 639 2452 704 suffra·

214 729 425 807 gante,
469 718 715 785 refulsit
728 733 771 784 0.
840 720 966 801 Qui
997 720 1219 806 saeped
1247 719 1460 785 futura
1487 721 1829 819 praedixit,
1873 723 2166 787 absentia
2195 743 2451 809 quoque

216 805 399 890 quasi
453 805 814 889 praesentia
862 805 1179 869 nuntiavit
1194 815 1238 866 ⁰.
1339 804 1637 890 Demque
1695 805 1879 869 cums
1932 827 2049 870 rex
2092 805 2452 892 Liutprand

213 888 282 951 in
325 885 566 952 Urbem
614 887 840 953 silvam
880 898 1183 953 venatum
1226 887 1399 969 isset,
1444 909 1609 951 unus
1640 909 1724 952 ex
1753 889 1888 953 eius
1934 886 2277 953 comitibus
2322 911 2452 954 cer·

215 982 418 1036 vum&
475 971 706 1055 sagitta
762 973 1133 1058 percutereh
1176 971 1381 1052 nisus,
1425 969 1710 1036 eiusdem
1751 973 1921 1057 regis
1970 981 2290 1059 nepotem,
2333 971 2454 1036 hoc

217 1064 316 1120 est
358 1054 588 1119 sororis
633 1055 769 1120 eius
811 1054 1031 1137 filium,
1089 1053 1440 1119 Aufusumi
1512 1055 1789 1136 nomine,
1847 1054 2068 1120 nolens
2128 1055 2453 1120 sauciavit.

217 1138 412 1219 Quod
453 1161 570 1203 rex
614 1159 875 1204 cernens
932 1179 1017 1188 —
1071 1137 1256 1203 valde
1315 1137 1485 1202 enim
1541 1137 1812 1203 eundem
1870 1161 2142 1224 puerum
2198 1140 2456 1204 amabat

223 1260 300 1271 -
327 1242 470 1285 cum
503 1219 782 1287 lacrimis
806 1223 943 1288 eius
974 1220 1480 1286 incommodumk
1511 1220 1841 1288 lamentari
1873 1224 2083 1309 coepit
2113 1223 2454 1309 statimque

218 1327 420 1368 unum
464 1328 498 1370 e
550 1306 682 1370 suis
741 1307 1021 1392 equitem
1063 1305 1254 1386 misit,
1312 1305 1422 1391 qui
1475 1304 1560 1369 ad
1608 1306 1817 1370 virum
1860 1306 1988 1371 Dei
2030 1304 2454 1370 Baodolinum

213 1399 498 1454 curreret
539 1411 685 1453 eum
733 1412 813 1453 ue
857 1399 1120 1474 peteret,
1164 1397 1236 1453 ut
1264 1409 1381 1473 pro
1409 1388 1543 1453 vita
1586 1388 1871 1454 eiusdem
1915 1390 2099 1476 pueri
2131 1387 2456 1454 Christum

215 1470 626 1560 supplicaret.
690 1412 825 1553 Qui
855 1495 1001 1537 cum
1032 1472 1114 1538 ad
1145 1494 1399 1537 servum
1428 1471 1557 1536 Dei
1585 1482 1897 1558 pergeret,
1928 1494 2091 1560 puer
2118 1472 2455 1537 defunctus

220 1558 369 1623 est¹.
458 1554 580 1621 Cui
613 1555 849 1622 Christi
892 1555 1168 1620 famulus
1201 1555 1284 1619 ad
1315 1577 1380 1619 se
1474 1557 1822 1621 ervenienti
1868 1557 1954 1620 ita
1987 1556 2185 1621 dixit:
2261 1555 2452 1637 ‘Sci0,

216 1662 411 1728 quam
456 1639 538 1704 ob
583 1661 841 1704 causam
898 1640 1179 1721 veneris3
1233 1638 1344 1703 sed
1399 1578 1557 1703 illud
1618 1638 1791 1727 quod
1850 1638 2170 1725 postulare
2225 1639 2457 1704 missus

218 1736 349 1790 es¹¹¹
373 1724 503 1788 iam
545 1723 684 1789 fieri
714 1744 841 1787 non
868 1733 1095 1808 potest,
1143 1724 1294 1809 quia
1323 1745 1484 1808 puer
1510 1721 1616 1787 ille
1662 1722 1993 1787 defunctus
2038 1725 2173 1787 est’.
2262 1721 2456 1802 Quod

216 1830 370 1873 cum
412 1805 553 1870 his¹¹
599 1807 710 1892 qui
752 1807 1028 1871 missus⁰
1071 1805 1279 1871 fuerat
1319 1806 1457 1892 regi
1494 1804 1670 1892 quod
1698 1829 1738 1870 a
1779 1828 1963 1871 servo
1996 1806 2124 1871 Dei
2167 1805 2456 1871 audierat

211 1892 661 1972 renuntiasset,
703 1912 840 1973 rex,
871 1889 1019 1955 licet
1049 1888 1336 1971 doluerit,
1384 1889 1560 1977 quod
1590 1889 1884 1955 effectum
1904 1902 1931 1944 Ρ
1975 1912 2052 1954 su
2145 1888 2460 1954 licationis

216 1997 374 2041 suae
417 1974 651 2039 habere
693 1994 823 2038 non
864 1973 1092 2059 potuit,
1144 1982 1358 2038 tamen
1407 1974 1561 2058 quia
1603 1974 1705 2037 vir
1746 1973 2011 2037 Domini
2127 1971 2459 2037 aodolinus

214 2057 592 2145 prophetiae
623 2080 651 2122 s
702 2058 918 2122 iritum
948 2057 1259 2139 habuerit,
1305 2067 1525 2141 aperte
1555 2057 1872 2142 cognovit.
1955 2055 2172 2118 Huioq
2247 2076 2461 2142 uoque

215 2164 350 2207 non
410 2141 649 2206 dissim'
683 2142 732 2205 's
795 2150 989 2239 aput?
1053 2139 1489 2205 Veronensem
1577 2141 1901 2204 civitatem
1986 2138 2206 2204 Teude
2230 2138 2416 2224 apius
2437 2148 2458 2180 ⁵

215 2225 474 2291 nomine
504 2225 643 2307 fuit,
690 2225 801 2310 qui
829 2233 994 2289 inter
1033 2222 1356 2288 miranda‘
1397 2243 1561 2309 quae
1590 2221 1887 2308 patrabat
1929 2242 2241 2308 praesago
2272 2221 2459 2287 etiam

215 2309 487 2395 spirituu
543 2306 745 2372 multa
800 2330 964 2394 quae
1019 2317 1199 2372 erant
1251 2316 1518 2371 ventura
1569 2304 1906 2392 praedixit.
2008 2305 2153 2369 ΕΟν
2213 2325 2468 2391 quoque

214 2405 509 2478 tempore
555 2391 769 2456 floruit
796 2392 930 2456 vita
955 2388 1059 2456 vel
1101 2390 1348 2455 actibus
1377 2389 1736 2454 Ticinensis
1768 2386 2075 2454 ecclesiae
2121 2388 2458 2473 episcopus

211 2478 446 2542 Petrus
460 2489 521 2557 W,
582 2476 740 2562 qui¹
785 2476 935 2561 quia
990 2473 1161 2559 regis
1207 2484 1342 2539 erat
1400 2473 1930 2558 consanguineus,
1987 2472 2117 2536 abr
2162 2469 2276 2534 Ari
2326 2479 2459 2535 erto

213 2558 581 2648 quondam2
626 2580 776 2644 rege
826 2567 1007 2645 aput·
1028 2555 1383 2645 Spoletium
1426 2556 1620 2622 exilio
1662 2556 1870 2620 fuerat
1924 2566 2226 2621 retrusuS.
2354 2554 2460 2617 uic

212 2644 391 2711 beati
434 2642 732 2728 martyris
781 2641 1039 2707 Savini⁸
1084 2639 1420 2706 ecclesiam
1463 2639 1889 2726 frequentanti
1933 2637 2139 2703 isdem
2199 2658 2460 2702 venera·

212 2725 368 2795 bilis
411 2726 698 2811 martyrb
755 2724 1248 2812 praenuntiavit,
1305 2723 1478 2810 quod
1534 2723 1875 2809 episcopus
1940 2731 2100 2808 aput
2158 2719 2461 2785 Ticinum

212 2811 473 2876 futurus
534 2819 717 2875 esset.
813 2807 979 2890 Qui⁰
1031 2817 1272 2895 postea,
1335 2829 1483 2872 cum
1540 2807 1784 2872 factum
1841 2805 2084 2887 fuisset,
2128 2802 2462 2868 basilicam

213 2892 431 2961 eidem
482 2892 715 2958 beatod
764 2894 1031 2978 martyri
1076 2890 1313 2957 Savino
1356 2892 1424 2954 in
1468 2890 1601 2955 solo
1646 2889 1906 2977 proprio
1951 2899 2108 2975 aput
2151 2887 2463 2953 eandem⁶

217 2977 547 3043 civitatem
593 2977 950 3041 construxit
968 2975 1007 3039 f.
1104 2975 1231 3040 Hic
1268 2976 1434 3039 inter
1475 2973 1751 3060 reliquas
1797 2973 2073 3059 optimae
2103 2971 2274 3036 vitae
2306 2991 2465 3058 quas

218 3059 450 3127 habuit
519 3061 785 3125 virtutes
851 3062 1043 3124 etiam
1118 3058 1498 3146 virginitatis
1571 3056 1727 3124 flore
1806 3058 2143 3123 decoratus
2217 3055 2465 3120 enituit.

220 3144 478 3211 Cuius&
533 3145 697 3208 nosh
753 3142 1014 3229 aliquod
1056 3140 1434 3207 miraculum
1449 3143 1486 3222 i,
1558 3140 1730 3228 quod
1787 3139 2129 3266 posteriori
2180 3149 2465 3223 tempore

215 3236 476 3315 gestum
520 3235 632 3310 est,
677 3227 745 3290 in
785 3225 926 3291 loco
971 3225 1231 3313 proprio
1266 3245 1598 3311 ponemus.
1683 3222 1771 3287 At
1862 3245 2018 3288 vero
2063 3220 2463 3307 Liutprand¹,

218 3319 566 3400 postquam
594 3310 853 3396 triginta
882 3320 944 3375 et
966 3321 1138 3373 uno¹¹¹
1169 3309 1350 3372 annis
1374 3312 1774 3393 *septemque
1804 3304 2129 3371 mensibus
2161 3313 2460 3389 regnumn
2486 3326 2503 3346 ·
2523 3339 2569 3381 p.
2603 3328 2702 3371 18⁵1.

219 3437 271 3490 a)
320 3436 607 3477 Bandolinus
654 3435 696 3477 G
726 3436 797 3478 δα.
832 3446 880 3486 ος
953 3435 1226 3476 Blandonun
1271 3444 1388 3474 corr.
1434 3432 1741 3473 Blandolinus
1789 3431 1830 3472 G
1867 3434 1914 3481 13
1990 3429 2298 3470 Blandolinus
2347 3428 2388 3469 G
2417 3428 2461 3468 4.

215 3496 270 3549 b)
306 3496 509 3545 graciam
539 3495 576 3535 P
612 3496 651 3538 1.
773 3492 816 3547 c)
848 3493 1015 3544 reliqua
1046 3493 1093 3533 in
1126 3492 1168 3534 G
1201 3494 1223 3531 1
1266 3493 1337 3532 vix
1366 3491 1445 3542 109⁸·
1473 3495 1674 3540 possum.
1790 3489 1837 3542 d)
1871 3498 2054 3539 semper
2084 3488 2120 3528 F
2156 3489 2195 3528 1.
2319 3486 2364 3538 e)
2397 3497 2467 3537 pr.

219 3555 428 3597 dicebat.
461 3553 615 3594 desinit
645 3553 689 3593 K
719 3554 760 3606 8,
791 3553 978 3592 addam:
1020 3551 1149 3592 Fluis
1181 3562 1264 3593 sex
1295 3550 1404 3590 libri
1436 3553 1482 3590 et
1512 3549 1678 3590 ultimi.
1813 3547 1851 3600 f)
1883 3549 1991 3587 dum
2023 3545 2063 3586 A
2096 3547 2140 3586 8.
2176 3544 2238 3586 ’8.
2273 3546 2325 3595 83
2358 3546 2470 3585 deest

224 3615 281 3656 O.
318 3611 359 3654 G
393 3613 442 3661 83
489 3623 526 3653 r.
558 3611 612 3656 Ia.
646 3622 750 3652 cum
780 3612 831 3652 in
861 3611 904 3650 D
939 3612 979 3653 8.
1132 3608 1179 3663 g)
1211 3619 1395 3650 servum
1440 3607 1480 3648 A
1514 3609 1555 3648 8.
1587 3607 1621 3649 O
1657 3608 1695 3648 1.
1730 3607 1766 3647 P
1802 3608 1841 3648 1.
1978 3603 2026 3656 h)
2061 3607 2324 3656 percuteret
2358 3604 2394 3644 P
2432 3604 2469 3643 1.

220 3671 258 3725 1)
297 3669 523 3712 Antaeum
554 3670 594 3711 A
628 3666 690 3712 ’8.
842 3669 893 3721 k)
925 3669 1219 3711 incommoda
1248 3668 1285 3708 1³
1320 3670 1367 3718 13
1418 3666 1711 3707 incommoda
1741 3665 1777 3705 F*
1808 3664 1851 3705 4.
1887 3662 1942 3706 G.
1997 3684 2048 3694 —
2083 3663 2181 3704 eius
2213 3663 2325 3703 dom
2359 3661 2393 3703 O
2429 3663 2469 3701 1.

223 3752 280 3763 --
313 3729 519 3770 lamenta
549 3729 585 3769 F
622 3731 669 3779 ις
702 3729 957 3771 lamentare
991 3728 1026 3769 Ο
1063 3730 1100 3768 1.
1133 3727 1175 3769 G
1209 3728 1247 3768 8.
1369 3724 1405 3779 1)
1435 3725 1605 3775 reliqua
1634 3725 1684 3765 in
1716 3724 1754 3765 A
1789 3725 1810 3763 1
1844 3722 1924 3773 lem·
1954 3726 2181 3772 nequeunt.
2307 3719 2370 3773 m)
2403 3724 2473 3762 est

216 3790 255 3830 r
295 3790 333 3829 1.
355 3788 634 3838 -poatuxas
666 3787 716 3829 0.
750 3788 807 3827 n.
837 3789 875 3828 B
909 3789 951 3828 4.
991 3808 1042 3818 -
1074 3787 1169 3827 iam
1200 3786 1309 3825 aem
1339 3785 1388 3827 0.
1420 3785 1477 3827 n.
1509 3784 1533 3824 1
1568 3785 1605 3823 1.
1696 3781 1745 3833 n)
1774 3782 1837 3822 cea
1870 3772 1968 3821 κε.
2004 3780 2039 3822 c
2074 3781 2112 3820 1.
2146 3780 2182 3820 P
2205 3781 2243 3821 1.
2279 3778 2320 3821 G
2353 3782 2395 3820 s.
2431 3779 2472 3821 8.

217 3850 268 3901 ο)
304 3846 434 3887 minei
467 3845 653 3887 fuerant
683 3846 772 3888 m.
893 3845 941 3897 p)
976 3844 1143 3888 effectu
1175 3844 1276 3886 G8.
1398 3841 1446 3892 q)
1477 3852 1637 3883 novum
1667 3842 1751 3883 ino.
1784 3840 1931 3890 canl?
1953 3841 1992 3882 1.
2096 3836 2135 3889 r)
2172 3838 2230 3878 ad
2263 3837 2329 3892 (at
2363 3836 2403 3879 G
2427 3836 2474 3888 8)

220 3906 278 3949 F.
315 3903 370 3947 G.
407 3926 458 3936 —
490 3907 662 3947 Beron.
694 3904 729 3947 Ο
766 3906 802 3947 1.
837 3905 879 3945 8.
910 3904 949 3944 Β
984 3907 1005 3945 1
1159 3902 1199 3955 ι)
1232 3901 1409 3943 Theud.
1445 3900 1486 3941 G
1518 3902 1570 3951 83
1616 3900 1793 3941 Theod.
1829 3898 1864 3940 Ο
1897 3900 1937 3939 1.
1971 3899 2014 3937 D
2050 3898 2092 3938 8.
2126 3897 2171 3937 3.
2320 3895 2354 3947 t)
2390 3896 2473 3935 ml-

221 3963 417 4005 randam
448 3964 484 4004 P
505 3966 544 4005 1.
665 3961 715 4016 u)
747 3963 959 4014 spiritum
990 3964 1026 4004 P
1048 3965 1087 4004 1.
1208 3960 1254 4013 v)
1287 3971 1446 4001 novum
1475 3960 1559 4001 ino.
1593 3970 1688 4009 cap.
1721 3959 1758 3998 Β
1794 3960 1832 3998 1.
1865 3957 1901 3997 F*
1927 3958 1961 3999 1.
2082 3955 2145 4007 w)
2179 3955 2334 3995 dacin-'e
2368 3953 2409 3995 G
2431 3955 2472 3993 1.

222 4022 274 4073 x)
304 4022 416 4061 decet
445 4022 481 4062 P
516 4023 555 4065 1.
709 4020 756 4074 y)
788 4022 899 4062 decet
932 4021 994 4072 G3
1043 4026 1089 4062 et
1120 4021 1176 4060 ab
1224 4021 1268 4060 H
1301 4020 1351 4069 83
1399 4019 1510 4069 qula
1542 4028 1582 4061 e.
1616 4028 1652 4057 c.
1686 4016 1890 4058 Aribertt
1937 4014 2170 4065 quondam
2217 4014 2344 4062 regis
2395 4022 2472 4062 ap.

225 4081 269 4123 G
301 4080 429 4122 hmo.
461 4080 484 4120 1
517 4079 576 4121 8?
696 4082 738 4131 z)
772 4080 926 4121 decente
958 4079 1059 4122 G8.
1181 4078 1227 4130 a)
1261 4077 1422 4119 Sabini
1455 4076 1495 4117 A
1526 4078 1566 4118 8.
1600 4076 1636 4116 F
1657 4077 1678 4115 1
1714 4075 1780 4129 (S.
1815 4074 1909 4125 m.).
2029 4071 2075 4124 b)
2111 4072 2182 4112 vir
2212 4071 2265 4114 Ο.
2296 4072 2352 4112 D.
2386 4071 2409 4111 1
2433 4072 2472 4111 1.

224 4140 268 4192 c)
304 4138 437 4187 Quod
469 4138 510 4179 G
540 4138 581 4181 4.
615 4139 693 4188 δοῖ
725 4139 816 4188 Qui
847 4150 896 4190 p.
930 4150 1032 4180 cum
1065 4139 1308 4189 epIscopus
1342 4136 1486 4177 factus
1519 4136 1682 4176 fuisset
1710 4135 1753 4174 D
1788 4133 1832 4187 (1
1847 4131 1902 4185 ⁴2).
1936 4132 1994 4173 Η.
2118 4129 2164 4181 d)
2198 4130 2310 4169 deest
2344 4127 2384 4170 G
2417 4130 2473 4177 43

222 4198 351 4238 beati
384 4196 419 4238 C
450 4198 531 4248 4123
577 4198 785 4239 eiusdem
815 4198 940 4238 beati
970 4198 1174 4237 martiris
1207 4195 1369 4237 savini
1415 4194 1449 4236 Ο
1486 4194 1614 4235 1-8.
1660 4194 1716 4233 D.
1869 4189 1911 4242 e)
1948 4189 2110 4232 eadem
2156 4199 2178 4228 ο
2208 4199 2322 4229 corr.
2356 4188 2392 4228 P
2431 4189 2473 4227 1.

225 4255 265 4307 f)
298 4255 450 4296 decinit
482 4256 523 4297 A
554 4253 616 4299 ·4.
738 4254 784 4307 g)
820 4256 960 4297 Culus
998 4278 1049 4287 —
1092 4265 1317 4306 ponemus
1347 4254 1432 4294 des.
1468 4252 1490 4292 1
1526 4254 1565 4292 8.
1688 4249 1737 4303 h)
1770 4250 1880 4290 deest
1914 4248 1948 4290 Ο
1985 4250 2024 4288 1.
2146 4246 2179 4299 1)
2209 4247 2322 4287 dem
2356 4245 2396 4286 A
2432 4247 2475 4285 8.

226 4312 277 4365 k)
310 4325 467 4354 novum
498 4315 579 4354 inc.
610 4325 704 4365 cap.
740 4314 839 4356 ΑΔ..
872 4315 910 4355 Β
948 4316 986 4357 1.
1018 4315 1114 4355 Fl.
1148 4314 1189 4356 5.
1284 4311 1319 4363 1)
1354 4322 1435 4353 rex
1466 4310 1567 4352 add.
1604 4308 1651 4351 0.
1687 4310 1744 4350 D.
1841 4306 1904 4359 m)
1938 4307 2029 4347 duo
2060 4304 2094 4346 0
2128 4307 2168 4346 1.
2264 4303 2311 4356 n)
2348 4305 2476 4355 prin·

233 4373 442 4423 cipatum
475 4373 523 4414 Ο.
559 4374 618 4416 D.
651 4374 689 4413 B
721 4373 765 4415 4.
1924 4424 1988 4475 16
