3042 4909
668 390 888 443 PAULI
927 391 1273 445 HISTORIA
1311 390 1984 445 LANGOBARDORUM.
2372 391 2443 444 29
2557 347 2566 356 ·

205 562 417 627 thecae
452 558 794 645 praefecto
852 558 916 624 V.
954 558 1053 625 Ol.
1096 559 1503 625 Naumanno
1547 559 1837 625 benevole
1878 581 2125 623 mecum
2166 581 2443 625 commu-

205 647 495 711 nicatum
571 644 665 708 ad
733 643 1078 708 editionem
1153 643 1323 708 hanc
1446 644 1781 708 arandam
1853 642 2161 707 adhibere
2223 644 2440 728 potui.

203 728 593 814 Scripturae
638 729 959 813 specimen
1002 727 1150 791 vide
1190 728 1267 793 in
1310 666 1537 791 tafula
1579 726 1634 790 Ι.
1679 727 1985 792 editionis
2027 727 2325 812 majoris.

395 811 507 899 27)
545 810 604 877 G
615 810 674 874 2.
726 809 831 874 Pa
847 811 923 874 ri
933 811 1005 875 si
1016 813 1196 876 ensi
1207 833 1239 874 s
1266 810 1391 874 Nr.
1416 810 1603 891 6158,
1630 810 1783 875 olim
1803 809 2161 891 Puteanus,
2184 810 2440 875 membr.

199 917 248 960 s.
377 895 432 977 I,
478 892 581 960 nil
608 895 747 959 nisi
774 893 1059 959 Paulum
1101 897 1458 960 continens.
1530 895 1641 957 Εω
1674 893 1731 960 C'
1749 893 1823 956 *1
1870 894 2237 979 descriptus
2269 894 2441 959 vide-

199 987 322 1043 tur.
359 977 520 1044 C'um
551 979 742 1043 editis
770 977 1042 1042 contulit
1069 976 1510 1063 Schneeqans.
1548 976 1656 1060 C'f.
1680 975 1880 1041 Arch.
1908 976 2043 1057 VII,
2116 1021 2133 1040 .
2156 975 2281 1041 319
2305 999 2440 1064 sqq.

368 1060 510 1151 (28)
561 1059 699 1128 03.
784 1060 1320 1127 Parisiensis
1374 1061 1499 1125 Nr.
1544 1061 1742 1141 5873,
1806 1058 1957 1126 olim
2129 1060 2441 1143 bertinus,

196 1147 451 1212 membr.
481 1169 535 1211 s.
565 1145 708 1211 XII
707 1165 731 1225 ;
770 1146 881 1209 cui
909 1168 960 1209 s.
990 1145 1168 1210 XIV.
1208 1145 1555 1225 Jordanis‚
1592 1143 1788 1210 Gesta
1816 1143 2211 1224 Aleoeandri‚
2247 1142 2443 1209 Gesta

200 1231 615 1295 Trevirorum
658 1237 812 1293 sunt
855 1250 1143 1294 annexa.
1222 1228 1585 1304 Quaternio
1677 1232 1886 1293 rimus
1929 1236 1987 1292 et
2028 1226 2261 1292 ultima
2304 1227 2442 1292 dua

179 1311 365 1398 folia
393 1311 598 1377 Pauli
639 1311 862 1377 evulsa
902 1315 979 1378 in
1021 1312 1161 1377 cod.
1193 1312 1566 1378 Parisiensi
1677 1334 1732 1378 r.
1766 1311 1931 1377 1750
1972 1313 2216 1412 reperit
2250 1311 2442 1376 Beth·

195 1419 426 1479 mann,
463 1418 723 1497 ‘necno-n
770 1395 1170 1497 hujus-libri
1211 1395 1510 1462 lectiones
1557 1419 1601 1460 a
1634 1393 1861 1461 Grotio
1905 1416 2036 1461 esse
2079 1417 2289 1460 inscri
2339 1404 2443 1459 tas

198 1480 476 1546 editioni
503 1480 891 1627 ‘fusileensz
937 1486 1046 1563 (in
1091 1478 1238 1545 bibl.
1267 1479 1704 1567 Luqdunensi
1746 1480 1915 1545 Voss.
1946 1479 2092 1544 Lat.
2116 1477 2252 1565 fol.
2280 1418 2443 1560 2²49)

192 1585 515 1652 perspexi
1572 1649 1587 1663 ο
2061 1648 2075 1663 .

208 1731 309 1814 VI,
353 1647 675 1797 έέἷῗέἔῖ
717 1668 978 1812 ῗξῧέᾝέ
1003 1646 1160 1795 tiit}
1195 1646 1509 1816 {mi}
1544 1647 2446 1816 &202235423‘35222322‘5

313 1900 328 1916 ⁶
368 1815 509 1904 (29)
559 1814 732 1881 04⁸.
818 1814 1322 1912 Parisiensis
1375 1814 1501 1879 Nr.
1547 1813 1734 1895 6160,
1789 1837 1994 1879 manu
2047 1835 2288 1880 coaeva
2336 1815 2440 1913 in·

195 1920 326 1965 scri
356 1908 519 1998 ful*
605 1897 800 1961 Hunc
870 1896 1101 1963 hbrum
1175 1895 1353 1996 dcdlt
1421 1897 1695 1997 domnus
1768 1895 2040 1962 Samson
2108 1896 2442 1962 Rcmensls

195 1922 718 2130 arclssepmcoqlgs
764 1980 1037 2047 Sanctae
1065 1980 1308 2046 Manae
1336 1980 1607 2067 Igmam,
1636 1981 1892 2047 membr.
1922 2005 1974 2046 s.
2001 1980 2189 2045 XIII.
2233 1981 2446 2082 Paulo

659 2090 684 2131 ι

190 2068 426 2153 passio
481 2065 553 2131 S.
687 2066 738 2130 ti
793 2064 1146 2150 subjuncta
1196 2074 1304 2130 est.
1412 2065 1673 2130 Indices
1726 2066 2143 2152 capitumque
2189 2086 2445 2130 numeri

197 2149 389 2215 nulli.
477 2148 744 2214 Praeter
802 2148 904 2230 VI,
949 2148 1052 2216 52.
1095 2147 1198 2212 53.
1242 2149 1439 2214 etiam
1482 2148 1577 2228 II,
1621 2148 1724 2213 32.
1771 2151 2106 2214 omittitur.

365 2232 508 2320 (30)
560 2229 737 2298 04¹².
839 2231 1423 2297 Bruoeellensis
1480 2233 1608 2297 Nr.
1653 2232 1850 2315 9184,
1911 2231 2062 2297 olim
2116 2232 2444 2296 societatis

198 2316 363 2383 Jesu
425 2315 802 2417 Bruqensis
820 2364 840 2397 ‚
929 2339 992 2380 a.
1063 2315 1242 2381 1227.
1317 2339 1525 2381 manu
1595 2316 2008 2380 nitidissima
2077 2323 2439 2395 eoearatus5

195 2422 512 2487 maynam
553 2398 870 2465 librorum
912 2400 1365 2465 historicorum
1405 2398 1836 2465 collectionem
1921 2396 2155 2478 raebet,
2241 2399 2443 2497 uippe

198 2506 321 2570 quo
371 2482 570 2549 Gesta
616 2485 1057 2564 Trevirorum,
1105 2483 1411 2548 Historia
1452 2481 1743 2547 miscella
1884 2482 2127 2568 uqonis
2234 2479 2438 2546 loria-

196 2570 408 2632 censis
455 2567 753 2648 historia,
800 2566 997 2631 Gesta
1040 2567 1470 2647 Francorum,
1516 2529 1923 2652 Genealoqia
1967 2565 2266 2629 comitum
2299 2564 2440 2629 Bu-

198 2650 567 2717 lonensium
624 2651 758 2715 sint
813 2653 1166 2736 conjuncta
1210 2650 1330 2735 (cf.
1386 2649 1588 2714 Arch.
1635 2650 1781 2732 VII,
1886 2695 1903 2713 .
1933 2648 2098 2731 529,·
2156 2647 2283 2714 SS.
2327 2648 2442 2730 IX,

250 2787 262 2801 .
295 2734 417 2799 341
437 2757 463 2818 ,·
506 2733 687 2798 Bull.
732 2734 810 2799 de
853 2734 1091 2798 l'acad.
1137 2734 1216 2798 de
1259 2733 1477 2798 Bruae.
1508 2733 1569 2797 2.
1601 2755 1725 2798 ser.
1756 2673 2122 2822 11320858),
2159 2756 2229 2817 p.
2263 2731 2441 2812 169).

191 2756 435 2883 {ibros
493 2840 626 2882 non
687 2818 1040 2904 distinguit
1080 2827 1557 2915 praeterquam
1615 2818 1789 2908 quod
1854 2828 2091 2902 quarto
2147 2815 2441 2903 subjicit:

199 2899 392 2989 Expl.
437 2899 600 2966 liber
641 2901 919 2986 quintae,
976 2900 1202 2986 inclpit
1251 2898 1416 2965 liber
1456 2909 1710 2983 sextus,
1769 2910 1826 2967 et
1878 2903 2141 2986 quinto:
2202 2898 2444 3000 Incipit

200 2982 363 3051 liber
419 2985 750 3071 septimun.
842 2983 1148 3069 Capitum
1191 2984 1576 3051 divisionem
1618 2986 1833 3050 scriba
1890 3007 1970 3049 ew
2030 2986 2299 3069 inqenio
2341 3005 2440 3047 in·

200 3070 413 3135 stituit
473 3090 556 3133 ar
605 3076 991 3154 amentaque
1046 3066 1333 3155 sinqulis
1386 3069 1746 3154 quibusque
1788 3070 2102 3154 imposuit
2147 3090 2191 3131 a
2233 3089 2298 3131 se
2339 3068 2442 3131 in-

200 3162 414 3218 venta.
585 3161 791 3216 terum
835 3174 981 3216 cum
1029 3150 1086 3217 C'
1104 3152 1184 3216 4³
1217 3150 1427 3236 plane
1472 3155 1787 3218 convenit.

370 3235 511 3323 (31)
562 3234 696 3300 05.
763 3234 1402 3301 Audomarensis
1445 3235 1571 3299 Nr.
1605 3235 1746 3309 736,
1792 3236 1998 3303 chart.
2023 3233 2156 3320 fol.
2188 3256 2240 3299 s.
2268 3233 2440 3316 XVI,

199 3320 270 3385 in
331 3341 460 3405 quo
517 3319 886 3384 Historiam
940 3317 1533 3405 Lanqobardorum
1591 3320 1864 3385 nomina
1919 3321 2212 3405 qentium
2270 3318 2443 3383 anti-

200 3425 485 3488 quarum
527 3410 585 3466 et
626 3400 968 3488 cataloqus
1019 3423 1051 3465 e
1102 3404 1472 3502 iscoporum
1514 3403 2051 3468 Florentinorum
2095 3400 2187 3465 ad
2230 3424 2292 3464 a.
2336 3420 2442 3463 us-

201 3509 319 3572 que
352 3485 535 3550 1411.
568 3485 958 3550 antecedunt
966 3507 991 3567 ,·
1036 3425 1238 3551 ssauli
1265 3508 1413 3551 vero
1445 3488 1632 3571 operi
1652 3486 1814 3550 liber
1835 3487 2145 3570 septimus
2170 3483 2441 3549 additus

201 3580 318 3650 est,
378 3591 506 3669 quo
565 3569 845 3634 historia
892 3569 982 3633 ad
1035 3569 1275 3635 Karoli
1331 3571 1421 3633 M.
1478 3592 1682 3655 usque
1724 3578 2014 3653 tempora
2072 3567 2439 3632 deducitur.

200 3654 310 3719 Ad
350 3652 563 3718 simile
605 3652 941 3738 exemplar
970 3675 1048 3717 ac
1083 3652 1140 3719 C'
1158 3652 1255 3716 4·-
1286 3654 1332 3695 ὴ·
1363 3654 1539 3717 hunc
1581 3651 1996 3738 referendum
2024 3673 2157 3716 esse
2183 3650 2441 3729 librum,

200 3759 270 3803 eo
303 3736 638 3824 probatur
678 3737 854 3822 quod
881 3736 973 3819 II,
1033 3735 1140 3800 32.
1178 3737 1391 3802 brevis
1420 3745 1672 3801 tantum
1717 3758 1796 3801 eoe
1838 3736 2058 3802 indice
2082 3733 2286 3821 facta
2330 3755 2443 3799 no-

202 3823 351 3886 titia
397 3821 640 3901 datur;
689 3821 934 3885 adsunt
961 3830 1174 3885 tamen
1216 3819 1316 3903 VI,
1345 3820 1448 3885 52.
1478 3819 1582 3885 53.

368 3904 550 3970 Idem
608 3904 687 3968 de
742 3905 959 3970 codice
1011 3906 1462 3990 manuscripto
1505 3902 1878 3969 Abrahami
1929 3901 2180 3987 Ortelii,
2241 3902 2443 3966 Ham-

202 3986 550 4075 burqensis
605 3985 909 4054 ecclesiae
966 3989 1222 4069 decani,
1310 4011 1391 4053 uo
1452 4010 1613 4052 usus
1672 3997 1763 4052 est
1811 3987 1995 4052 Frid.
2039 3986 2441 4052 Lindenbro·

185 4073 351 4239 ⁸qius
366 4121 386 4155 ,
407 4156 422 4173 Ο
444 4073 760 4135 monitum
815 4072 1109 4239 vigJest
1154 4073 1229 4218 'ge
1276 4071 1550 4222 i“Issind.
1573 4071 1794 4220 3395,
1844 4095 1919 4157 p.
1965 4071 2146 4151 299).
2239 4067 2444 4155 Cujus

235 4177 275 4218 a
305 4179 348 4220 a
391 4179 419 4219 i
469 4177 802 4220 noramus.
957 4202 971 4218 .
1079 4179 1150 4219 rc
1199 4200 1216 4218 .
1510 4201 1526 4217 .
1701 4201 1716 4218 .

371 4241 427 4325 ¹⁸(
473 4236 541 4324 2)
573 4238 641 4302 D
675 4238 731 4302 1.
806 4238 1244 4304 Vaticanus
1272 4179 1610 4339 redigas
1646 4237 2111 4304 Christinae
2141 4237 2265 4300 Nr.
2296 4236 2539 4318 801,·1›.
2573 4246 2643 4289 8³·

204 4322 456 4390 membr.
502 4321 563 4386 4.
608 4345 660 4387 s.
706 4321 785 4403 X,
829 4325 904 4386 in
938 4320 1166 4387 Gallia
1209 4332 1281 4386 ut
1320 4321 1583 4386 videtur
1625 4323 1930 4407 scriptus,
1975 4321 2072 4387 vel
2115 4329 2279 4385 certe
2323 4319 2443 4384 diu
