3042 4909
651 413 872 466 PAULI
911 413 1258 467 HISTORIA
1298 414 1964 468 LANGOBARDORUM.
2361 419 2433 470 33

206 605 277 648 ea
317 582 715 666 praesertim
779 603 944 668 quae
1010 584 1103 648 ad
1166 583 1507 648 historiam
1567 582 2062 650 ecclesiasticam
2120 594 2431 668 spectant.

222 666 281 734 V.
327 664 422 732 Gt.
466 663 666 729 Pauli
710 666 880 729 hanc
923 667 1063 752 ejus
1106 667 1408 731 notitiam
1451 667 1649 732 dedit.

370 747 529 815 Cum
571 749 639 812 E
677 748 1003 835 affinitate
1046 750 1334 837 quadam
1377 761 1531 816 sunt
1574 751 1905 837 conjuncti
1944 751 2192 816 codices
2235 753 2308 815 F.
2350 751 2430 836 G,

206 833 485 898 omnium
529 834 645 920 qui
687 843 944 898 exstant
966 832 1121 920 fere
1166 836 1312 899 anti
1353 836 1634 915 uissimi,
1680 836 1793 900 sed
1837 858 1880 899 a
1923 839 2209 921 qenuino
2253 844 2430 901 textu

204 920 291 982 ita
319 917 702 999 recedentes,
747 926 817 981 ut
861 919 976 982 hoc
1006 919 1260 983 demum
1330 942 1443 984 oco
1469 942 1573 985 eos
1616 941 1940 985 recensere
1978 918 2188 983 liceat.
2274 920 2429 986 Non

205 1001 399 1067 solum
430 1000 635 1065 Pauli
674 1002 977 1066 carmina
1010 1001 1065 1083 I,
1096 1003 1197 1085 ⁴26,
1244 1003 1359 1068 sed
1399 1004 1593 1068 etiam
1625 1001 1817 1067 aliud
1845 1003 1934 1083 II,
1969 1002 2066 1065 13.
2113 1004 2429 1085 omittunt,

195 1094 534 1170 praeterea
577 1107 710 1150 non
804 1108 1001 1152 aucos
1045 1085 1216 1152 locos
1265 1088 1568 1168 minores,
1671 1089 2004 1151 raesertim
2049 1108 2153 1152 eos
2239 1089 2313 1151 ui
2354 1088 2429 1152 in

205 1169 527 1235 codicibus
564 1168 620 1234 C
639 1177 696 1232 et
821 1168 1194 1255 corruptela
1225 1172 1513 1258 quadam
1543 1109 1882 1251 labjorant5
1929 1171 2011 1254 cf.
2036 1170 2123 1234 N.
2213 1171 2347 1239 rclz.
2372 1171 2428 1253 I,

195 1277 260 1339 p.
283 1251 426 1317 551.
512 1251 646 1318 Sed
690 1261 746 1317 et
787 1254 884 1318 ita
925 1255 1178 1319 mendis
1223 1264 1483 1336 scatent,
1530 1277 1696 1341 quae
1729 1255 1985 1340 partim
2025 1256 2294 1319 incuria
2333 1255 2430 1320 vel

198 1339 580 1423 iqnorantia
630 1339 1019 1422 scriptorum
1062 1348 1225 1403 nata
1268 1348 1441 1421 sunt,
1474 1341 1728 1439 partim
1775 1361 1921 1405 vero
1967 1361 2047 1403 ex
2089 1340 2429 1405 vetustiore

200 1420 557 1506 exemplari
611 1430 863 1505 recepta
907 1445 1039 1487 esse
1084 1423 1326 1503 debent,
1384 1445 1628 1523 quippe
1675 1445 1842 1510 quae
1887 1431 1944 1486 et
1997 1422 2176 1503 alibi,
2238 1432 2429 1508 atque

198 1507 385 1571 etiam
438 1505 509 1570 in
536 1506 687 1591 ipso
728 1506 942 1570 codice
978 1509 1292 1591 rescripto
1324 1508 1653 1571 Asisiensi
1692 1508 2133 1593 reperiantur.
2212 1504 2309 1592 Cf.
2340 1507 2460 1574 N.-

200 1589 441 1655 Archiv
485 1588 541 1670 I,
637 1635 651 1651 .
698 1589 821 1654 547
866 1612 998 1676 sqq.

362 1673 540 1737 Inter
574 1612 697 1737 llos
739 1675 968 1740 eminet

362 1755 500 1843 (52)
547 1756 688 1820 Fl.
761 1756 1353 1844 Sanyallensis
1383 1758 1507 1822 Nr.
1539 1757 1682 1839 635,
1714 1781 1764 1821 s.
1812 1758 1985 1823 VIII.
2012 1759 2133 1840 IX,
2170 1760 2426 1826 membr.

177 1839 323 1925 fol„
355 1843 644 1905 omnium
675 1843 789 1925 qui
817 1843 1060 1928 inteqri
1088 1851 1344 1907 exstant
1374 1844 1873 1928 antiquissimus
1902 1843 2169 1929 ideoque
2198 1844 2430 1928 maqni

176 1923 559 2008 faciendus.
624 1924 928 2009 Scriptus
964 1926 1240 1991 diversis
1270 1926 1595 2008 manibus,
1635 1948 1914 2012 quarum
1958 1928 2319 2012 specimina
2352 1927 2427 1990 in

194 2007 458 2075 tab.III.
483 2007 633 2071 edit.
644 2031 752 2072 ma
771 2010 799 2071 ⁰.
816 2008 1128 2092 dedimus,
1144 2009 1381 2095 procul
1392 2010 1588 2075 dubio
1613 2008 1892 2074 inItalia
1917 2009 2427 2096 septentrionali,

176 2092 467 2177 fortasse
520 2092 736 2157 Medio
767 2095 903 2174 ani,
958 2095 1034 2158 de
1079 2097 1268 2180 cujus
1311 2095 1473 2159 duce
1514 2094 1606 2175 II,
1647 2094 1748 2159 32.
1806 2093 1944 2158 alia
1988 2117 2192 2159 manu
2239 2094 2428 2158 addi-

192 2184 541 2240 tamentum
563 2176 833 2260 factum
875 2186 967 2242 est
980 2201 1004 2260 ;
1048 2180 1121 2242 in
1165 2179 1630 2243 monasterium
1657 2177 2085 2276 Sangallense
2110 2186 2273 2324 post
2300 2199 2424 2241 me·

193 2259 374 2324 dium
431 2259 763 2325 saeculum
806 2261 918 2324 IX.
964 2259 1330 2327 translatus
1356 2274 1397 2324 ¹.
1472 2261 1731 2326 Indices
1776 2261 1931 2325 libri
1972 2261 2026 2341 I,
2073 2262 2119 2324 I
2150 2309 2163 2325 .
2210 2269 2266 2325 et
2324 2261 2425 2325 VI.

191 2345 435 2425 omissi,
479 2352 636 2428 post
691 2344 821 2425 IV,
877 2345 938 2409 4.
1000 2347 1198 2432 hujus
1255 2344 1411 2411 libri
1466 2353 1856 2431 aryumenta
1906 2346 2201 2429 repetita,
2260 2366 2427 2430 quae

186 2426 352 2492 libro
399 2427 463 2493 V.
495 2428 987 2512 praemittenda
1039 2438 1228 2494 erant
1267 2430 1341 2493 in
1386 2427 1558 2493 calce
1599 2427 1949 2493 voluminis
1986 2429 2211 2512 posita
2255 2436 2425 2492 sunt.

203 2511 547 2577 Verborum
599 2512 928 2577 scribendi
980 2515 1154 2578 ratio
1198 2534 1273 2578 ea
1374 2512 1548 2577 ualis
1591 2514 1665 2577 in
1710 2513 2134 2576 monumentis
2179 2511 2427 2577 saeculi

198 2595 372 2676 VIII,
396 2598 786 2679 praesertim
808 2595 1083 2679 Italicis,
1117 2597 1312 2682 depre
1358 2596 1661 2679 enditur;
1694 2606 1921 2661 contra
1957 2596 2426 2682 yrammatioae

185 2677 357 2765 leqes
415 2681 684 2825 saelpius
735 2690 1075 2764 peccatum
1127 2691 1236 2763 est,
1292 2704 1486 2767 quam
1530 2682 1668 2828 {psi
1710 2679 1919 2744 Paulo
1963 2681 2038 2745 id
2082 2682 2426 2766 contigisse

185 2772 471 2828 statuere
541 2765 660 2829 icet
671 2786 695 2845 ,·
741 2787 873 2829 non
916 2787 1074 2830 raro
1106 2769 1299 2831 etiam
1329 2766 1529 2851 sinyu
1559 2789 1600 2829 a
1628 2764 1945 2830 vocabula
1975 2759 2071 2829 vel
2097 2764 2427 2851 lonyiores

185 2846 526 2911 verborum
569 2849 764 2912 series
809 2850 1067 2917 omissa.
1157 2847 1405 2924 Quibus
1448 2849 1701 2913 mendis
1733 2857 1967 2934 postea
2012 2847 2140 2913 alii
2181 2849 2428 2913 mederi

188 2934 414 2996 conati
470 2940 655 3012 sunt,
696 2934 955 3017 partim
1015 2933 1170 2998 aliis
1221 2933 1572 3014 codicibus,
1617 2934 2012 3019 praesertim
2069 2929 2181 2997 illo
2242 2955 2424 3019 quem

191 3013 247 3078 G‘·
280 3017 313 3079 1
361 3017 863 3097 nominavimus,
911 3016 1148 3103 adjuti,
1189 3019 1439 3102 partim
1482 3039 1629 3081 vero
1672 3018 1835 3081 satis
1865 3017 2220 3098 temerarie,
2266 3026 2323 3081 et
2351 3017 2428 3081 id

184 3107 442 3163 tantum
486 3100 829 3180 studentes,
882 3109 954 3163 ut
996 3103 1206 3166 verbis
1248 3101 1528 3165 rudibus
1586 3122 1844 3166 sensum
1900 3100 2425 3201 qualemcumque

188 3181 540 3266 inferrent.
629 3182 919 3249 Codicem
947 3186 1098 3271 jam
1144 3207 1185 3248 a
1229 3184 1639 3249 Betlzmanno
1687 3185 2068 3266 adhibitum,
2117 3206 2160 3248 a
2220 3185 2284 3249 V.
2335 3184 2424 3250 ΟΖ.

183 3266 518 3349 Zardetti,
585 3267 994 3332 bibliothecae
1038 3267 1501 3355 Sanqallensis
1537 3267 1905 3354 praefecto,
1966 3267 2259 3333 benevole
2302 3268 2428 3332 Be-

181 3350 475 3416 rolinum
530 3353 1007 3434 transmissum,
1063 3375 1317 3418 summa
1372 3352 1497 3417 dili
1545 3352 1723 3418 entia
1781 3355 2015 3417 iterum
2070 3354 2426 3437 iterumque

179 3435 469 3500 eaecussi.
520 3432 620 3582 (ζ.
662 3435 750 3499 Ν.
795 3435 996 3502 Arck.
1041 3436 1093 3518 I,
1126 3460 1204 3522 p.
1249 3434 1499 3501 547—5
1544 3435 1601 3498 2.

355 3518 497 3609 (53)
625 3519 712 3582 ²¹¹1.
779 3518 1169 3586 Gothana
1205 3519 1619 3620 f⁷·a9menta,
1670 3519 1925 3583 membr.
1969 3517 2061 3598 II,
2105 3517 2229 3581 Nr.
2283 3517 2422 3599 191,

177 3601 318 3667 dvo
344 3601 534 3688 folia
580 3625 621 3666 a
664 3611 1020 3689 teyumento
1062 3603 1216 3669 libri
1260 3603 1609 3688 cujusdam
1639 3602 1872 3683 soluta,
1915 3601 2130 3667 media
2140 3611 2422 3750 8quater·
2487 3621 2490 3628 ·

178 3687 432 3767 nionis,
480 3686 712 3773 quibus
756 3689 1003 3774 eoeiyua
1039 3709 1210 3773 pars
1252 3687 1452 3752 Pauli
1497 3687 1624 3771 (II,
1669 3685 1751 3751 22
1795 3688 1926 3751 inc.
1974 3722 2051 3734 —
2098 3685 2139 3749 2
2221 3686 2422 3768 med.)

174 3771 573 3852 continetur,
619 3793 668 3834 s.
702 3771 815 3835 IX.
851 3774 1122 3858 scripta.
1193 3769 1524 3847 Quaecum
1569 3794 1646 3836 ue
1690 3772 1756 3834 F
1775 3771 1805 3833 1
1832 3769 2213 3856 peculiaria
2237 3769 2426 3836 habet

177 3853 283 3918 Izic
333 3874 588 3941 quoque
630 3859 1076 3941 reperiuntur,
1120 3857 1305 3921 novis
1347 3879 1491 3920 men
1544 3857 1600 3919 is
1646 3854 1982 3920 nonnullis
2014 3864 2229 3920 aucta.
2297 3855 2426 3919 Ne-

182 4013 239 4081 1)
282 4014 358 4068 In
411 4018 650 4085 cataloyo
701 4017 951 4069 librorum
1002 4016 1432 4087 Sanyallensium
1483 4018 1578 4069 hoc
1626 4026 1853 4084 tempore
1906 4017 2137 4084 confecto
2184 4017 2420 4070 nondum

177 4085 491 4151 indicatum
531 4090 601 4157 cf.
644 4089 715 4142 N.
754 4090 916 4142 Arch.
958 4089 1003 4155 1,
1049 4108 1110 4158 p.
1153 4092 1274 4146 649.
1352 4090 1422 4143 In
1474 4091 1579 4143 alio
1631 4107 1754 4143 vero
1802 4089 1992 4144 codicis
2043 4091 2161 4142 olim
2201 4089 2429 4141 Lasber-

175 4161 350 4229 fiant,
392 4179 540 4215 nunc
576 4164 635 4215 in
674 4163 981 4215 bibliotheca
1018 4163 1547 4234 Donaueschinyensi
1585 4165 1844 4216 asservati
1881 4163 1957 4229 (v.
1984 4163 2217 4227 Barack,
2255 4161 2423 4217 catal.

180 4233 282 4287 Nr.
345 4236 472 4300 191,
524 4252 583 4303 p.
637 4237 785 4303 177),
837 4252 987 4303 quem
1035 4236 1092 4289 in
1128 4237 1443 4291 monasterio
1493 4235 1834 4304 Sanyallensi
1883 4237 2169 4305 confectum
2209 4243 2429 4303 putant,

176 4306 429 4361 Historia
481 4309 958 4377 Langobardorum
1009 4310 1297 4374 indicatur,
1351 4310 1644 4377 Serapeum
1694 4309 1852 4374 1840,
1888 4326 1952 4376 p.
2004 4309 2089 4361 84.
2180 4308 2426 4362 Eundem

170 4380 508 4447 Bethmann,
549 4382 709 4436 Arck.
747 4382 814 4449 X,
839 4401 903 4451 p.
945 4384 1068 4448 318,
1111 4383 1551 4437 Constantiensem
1594 4381 1748 4435 dia-it.

1896 4484 1927 4533 3
