3042 4909
578 420 802 472 PAULI
841 419 1192 472 HISTORIA
1231 419 1910 475 LANGOBARDORUM.
1984 422 2128 475 LIB.
2170 423 2216 475 1.
2454 426 2518 478 51

271 588 376 654 17.
467 586 806 668 Quomodo
849 585 1168 685 Lamissio
1224 607 1343 653 rex
1385 586 1648 678 effeetus
1706 598 1821 672 est,
1877 598 1982 654 et⁸¹
2041 587 2313 676 qualiter
2368 590 2524 658 Vul-

268 756 372 822 18.
461 693 673 836 &ll-gd,
695 678 1419 837 sssssffiffssamissione,
1462 776 1734 841 regnum
1777 754 2027 820 Lethub
2072 758 2373 845 suscepit,
2418 769 2521 826 etss

508 847 606 904 ost
667 837 838 902 huno
906 835 1073 902 filius
1138 838 1276 903 eius
1316 836 1636 904 Hildehoo
1654 839 1703 922 ⁶,
1757 849 1904 925 post
1969 851 2195 927 quem⁰
2263 863 2520 930 quoque

529 920 810 987 odehoor
852 920 1166 1007 regnavit.

266 1008 372 1073 19.
461 1003 714 1072 Bellum
764 1006 929 1069 inter
973 1002 1320 1070 Odoacarc
1361 1026 1582 1092 regem
1625 1004 1913 1071 Tureilin
1960 1008 2184 1071 orum¹¹
2228 1018 2291 1075 et
2332 1008 2514 1077 Fele-

461 1088 712 1155 theum¹
770 1110 840 1153 re
889 1109 992 1152 em
1034 1086 1093 1152 R
1185 1109 1403 1171 οωηι,
1464 1099 1529 1154 et
1574 1088 1896 1175 quomodo
1994 1090 2367 1176 angobardi,
2413 1116 2514 1160 su·

506 1173 696 1237 eratis
718 1170 799 1236 ab
881 1171 1146 1236 doaere¹¹
1230 1173 1395 1257 ugis,
1420 1193 1643 1237 eorum
1713 1173 2065 1239 rovinoiam
2086 1176 2513 1261 possiderunt.

258 1258 370 1324 20.
530 1266 711 1356 ortuo
757 1253 1067 1355 Gpdehoe
1085 1256 1122 1338 ¹,
1177 1277 1243 1320 re
1291 1257 1470 1321 navit
1503 1195 1728 1340 Claffld,
1781 1266 1897 1322 et¹¹¹
1947 1268 2094 1344 post
2132 1257 2303 1324 huno
2329 1259 2514 1346 Tato,

257 1426 369 1491 21.
455 1362 571 1488 ῧῗ
605 1338 1178 1492 gilleaetrrigfflgn
1185 1431 1249 1487 et
1289 1337 1919 1509 ῗὲἓῐῖξωξῂεοὶιοηίε
1935 1435 1985 1508 ¹¹,
2062 1433 2125 1490 et
2234 1426 2512 1495 uomodo

456 1507 705 1575 Wacho
733 1505 1021 1572 Suavos⁰
1046 1507 1403 1592 superavit,
1433 1515 1497 1573 et
1519 1506 1602 1573 de
1622 1509 1934 1574 uxoribus
1957 1508 2095 1590 eius
2118 1518 2184 1575 et
2278 1511 2512 1597 ‘abusa

454 1600 519 1655 et
558 1591 638 1656 de
681 1612 748 1655 re
842 1612 879 1655 o
927 1586 1216 1672 waltari,
1259 1588 1374 1654 filii
1418 1590 1576 1656 eius.

261 1677 369 1742 22.
455 1676 710 1740 Mortuo
750 1612 1049 1756 waltari,
1091 1674 1383 1760 regnavit
1422 1673 1707 1757 Audoin,
1740 1676 1853 1762 qui
1872 1687 1900 1730 ‘1
1945 1675 2410 1762 Langobardos
2445 1680 2514 1745 in

455 1758 852 1824 Pannoniam
895 1756 1185 1822 adduxit.

260 1843 368 1911 23.
458 1840 708 1908 Bellum
753 1840 1204 1928 Gepidorum‘
1248 1862 1399 1906 eum
1428 1839 1877 1928 Langobardis
1895 1891 1913 1926 ,
1956 1843 2066 1907 in⁸
2099 1866 2227 1931 quo
2271 1843 2512 1912 Alboin

455 1924 659 1991 filium
715 1926 887 2012 regis
948 1923 1350 2011 Gepidorum
1393 1925 1687 1990 extinxit.

259 2012 365 2079 24.
456 2008 797 2091 Quomodo
826 2006 1068 2075 Alboin
1099 2029 1247 2073 eum
1278 2008 1704 2096 quadraginta
1729 2010 1886 2074 viris
1929 2010 2013 2075 ad
2052 2009 2513 2078 Turisendum‘

452 2116 693 2181 regem,
736 2094 922 2158 euius
965 2089 1167 2157 filium
1206 2092 1632 2176 interemerat,
1687 2093 2012 2192 profectus
2057 2104 2155 2159 est
2208 2116 2388 2159 arma
2427 2097 2511 2161 ab

453 2200 529 2243 eo
572 2187 817 2264 petens,
862 2185 933 2241 ut
975 2197 1124 2241 eum
1168 2196 1283 2241 suo
1327 2185 1510 2263 patre
1539 2187 1744 2263 poss1t
1771 2177 1837 2240 in
1867 2177 2161 2245 convivio
2204 2177 2509 2262 residere3

454 2271 518 2327 et
559 2261 879 2348 quomodo
923 2281 963 2323 a
1005 2259 1364 2326 Turisendo
1408 2280 1589 2324 arma
1629 2261 1938 2346 accepitu.

254 2347 361 2412 25.
449 2345 552 2410 De
593 2367 792 2430 regno
836 2343 1173 2410 Iustiniani
1215 2354 1325 2409 etv
1367 2344 1655 2408 victoriis
1698 2344 1854 2408 eius.

251 2431 360 2497 26.
445 2430 549 2495 De
590 2430 779 2496 beato
824 2426 1174 2493 Benedieto
1220 2435 1285 2493 et
1324 2425 1653 2491 miraculis
1696 2435 1811 2492 etv
1852 2424 2151 2491 laudibus
2196 2427 2354 2494 eius.

251 2515 359 2582 27.
447 2512 551 2578 De
593 2522 797 2578 morte
824 2510 1088 2577 Audoin
1117 2520 1180 2577 et
1219 2532 1417 2598 regno
1460 2507 1723 2592 Alboin,
1767 2519 1876 2575 et¹
1908 2509 2228 2597 quomodo
2270 2510 2510 2578 Alboin

446 2595 927 2662 Ounimundum
945 2607 978 2651 Y
1032 2609 1250 2683 regem
1309 2593 1713 2680 Gepidorum
1730 2604 1755 2636 ⁸
1815 2595 2141 2681 superavit
2190 2604 2254 2661 et
2311 2595 2509 2661 filiam

449 2681 585 2746 eius
626 2678 1108 2745 Rosamundam
1149 2679 1255 2742 in¹³¹
1298 2678 1781 2744 matrimonium
1828 2677 2031 2743 duxit.

845 2797 1396 2865 EXPLICIVNT
1441 2796 1907 2865 CAPITVLA.

252 3061 300 3115 ι)
338 3068 383 3105 et
419 3083 472 3094 —
503 3062 742 3113 superavit
778 3062 864 3103 dos.
898 3062 937 3101 Β
973 3063 1012 3101 1.
1134 3059 1181 3113 b)
1211 3061 1406 3102 Letthuo
1446 3062 1485 3103 Β
1520 3063 1571 3112 1;
1601 3061 1773 3102 Lethus
1816 3063 1858 3102 D
1892 3063 1934 3102 2.
2057 3058 2097 3114 e)
2129 3066 2177 3103 et
2208 3084 2260 3093 —
2294 3066 2507 3114 regnavit

248 3124 340 3164 du.
370 3122 410 3162 Β
445 3122 485 3162 1.
608 3119 656 3173 (1)
689 3120 884 3162 Hssdeoe
914 3119 956 3160 A
987 3120 1037 3172 ⁸3
1067 3119 1262 3161 ndehoo
1292 3120 1330 3160 Β
1363 3122 1404 3161 1.
1528 3117 1573 3171 ο)
1606 3120 1729 3161 huno
1758 3120 1796 3160 Β
1832 3121 1872 3162 1.
1991 3119 2029 3171 f)
2064 3119 2253 3163 Godeoe
2283 3122 2325 3163 A
2357 3125 2397 3166 8.
2428 3124 2505 3175 θος

251 3181 442 3224 eodone
470 3191 586 3220 corr.
620 3178 809 3222 Godooe
848 3179 892 3219 D
928 3181 969 3221 1.
1091 3176 1139 3229 ε)
1174 3177 1416 3220 odoachar
1444 3178 1483 3219 Β
1519 3180 1570 3229 13
1600 3179 1819 3228 Bdoagnr
1848 3179 1892 3219 D
1928 3180 1967 3219 1.
2102 3179 2151 3232 h)
2184 3181 2504 3232 Tomillnssno-

249 3250 354 3282 rum
400 3240 444 3280 D
478 3240 520 3279 8.
553 3239 603 3290 ὃς
649 3239 1021 3288 'rotomagorum
1052 3237 1095 3278 D
1114 3239 1158 3280 1.
1294 3234 1331 3289 1)
1362 3237 1616 3279 ΓοΙοᾶοιιω
1662 3248 1776 3279 corr.
1808 3237 2084 3279 Peletheum
2113 3238 2157 3278 D
2177 3241 2218 3282 1.
2257 3262 2310 3271 —
2340 3251 2501 3291 regem

255 3321 312 3332 —
342 3296 516 3349 possid.
548 3298 637 3341 dee.
664 3298 704 3338 Β
739 3299 778 3337 1.
898 3294 949 3348 k)
984 3295 1226 3338 Godoaere
1255 3296 1299 3338 D
1335 3298 1385 3349 13
1418 3306 1448 3337 α
1480 3296 1701 3338 Godehoo
1731 3296 2042 3346 kunnandam
2072 3307 2115 3339 e.
2134 3298 2177 3338 D
2195 3299 2236 3338 Ω.
2361 3297 2395 3350 1)
2416 3299 2505 3341 Go-

250 3357 366 3399 deoe
397 3369 419 3398 ι
448 3368 565 3400 corr.
599 3356 642 3397 A
673 3356 722 3407 ὃς
756 3354 980 3397 Gudehoe
1010 3357 1049 3396 Β
1080 3356 1128 3407 13
1161 3354 1352 3398 Godooe
1380 3366 1495 3397 corr.
1529 3354 1719 3397 Godeoe
1752 3356 1795 3395 D
1829 3357 1871 3396 1.
1964 3352 2028 3406 m)
2061 3360 2109 3397 et
2141 3378 2193 3388 —
2225 3356 2503 3398 Hei-talorum

249 3417 339 3459 dee.
372 3418 412 3458 Β
449 3418 491 3456 1.
615 3412 666 3466 n)
699 3415 843 3457 vach.
872 3415 915 3454 D
948 3415 1001 3465 ἲς
1031 3414 1188 3456 Waee.
1221 3415 1267 3455 H
1299 3416 1342 3457 1.
1369 3414 1407 3454 1.
1439 3417 1479 3456 2.
1515 3435 1569 3446 —
1603 3417 1648 3455 et
1681 3436 1734 3445 —
1766 3414 1866 3456 eius
1896 3414 1981 3456 du.
2009 3414 2049 3454 Β
2085 3415 2123 3455 1.
2247 3412 2293 3465 o)
2325 3413 2504 3458 Suevos

249 3477 293 3517 D
328 3476 368 3517 8.
400 3477 445 3516 4.
479 3474 518 3515 1.
552 3475 604 3524 83
638 3474 750 3514 decu
781 3476 820 3515 Β
854 3476 893 3515 1.
1034 3471 1084 3524 p)
1117 3477 1163 3515 et
1203 3474 1260 3514 de
1292 3474 1324 3515 f.
1357 3473 1401 3515 D
1434 3474 1473 3513 2.
1509 3474 1562 3525 83
1603 3474 1635 3514 f.
1668 3473 1863 3515 waltari
1893 3471 2016 3513 filius
2063 3472 2161 3514 eius
2192 3471 2235 3511 A
2267 3473 2308 3513 3.
2345 3473 2413 3517 80.
2449 3497 2500 3506 —

247 3540 297 3577 et
332 3554 377 3564 —
415 3535 517 3575 eius
548 3534 637 3575 du.
669 3534 708 3573 Β
746 3534 784 3583 1,
815 3532 893 3582 qui
920 3542 1103 3583 eoquens
1132 3536 1431 3582 arqumemum
1459 3532 1525 3572 &a
1555 3531 1742 3572 ababa:
1773 3531 1846 3571 De
1872 3539 2017 3579 regno
2051 3530 2249 3573 waltari
2280 3530 2367 3572 filu
2398 3533 2497 3573 eins

247 3597 539 3644 mortuoque.
628 3591 680 3643 q)
714 3593 795 3641 qui
814 3612 866 3622 -
886 3590 1080 3632 adduxit
1107 3592 1193 3632 doe.
1225 3592 1264 3632 Β
1298 3593 1340 3632 1.
1430 3587 1471 3642 r)
1506 3589 1705 3641 Geppid.
1734 3589 1773 3630 Β
1793 3591 1834 3631 1.
1865 3589 1970 3631 DS.
2060 3590 2102 3645 ο)
2134 3590 2186 3630 in
2217 3609 2271 3620 —
2304 3591 2507 3634 extinxit

245 3654 334 3695 doe.
366 3653 406 3693 Β
442 3654 485 3693 1.
593 3648 629 3702 t)
662 3650 963 3692 'rumindum
992 3650 1031 3691 Β
1064 3651 1088 3690 1
1121 3654 1380 3692 commater.
1415 3669 1467 3679 —-
1500 3649 1555 3690 Τ.
1588 3649 1717 3690 venit
1744 3648 1893 3689 ceteris
1926 3647 2094 3689 miscis
2123 3649 2161 3689 Β
2197 3649 2238 3690 1.
2341 3647 2391 3701 u)
2410 3660 2504 3691 sus·

245 3712 369 3763 oepit
397 3712 439 3752 Β
476 3713 518 3751 1.
668 3706 716 3761 v)
751 3712 798 3751 et
826 3720 869 3753 v.
901 3719 941 3752 e.
985 3709 1072 3751 du.
1107 3709 1147 3750 Β
1184 3711 1224 3749 1.
1374 3706 1435 3760 w)
1485 3711 1533 3749 et
1562 3708 1594 3749 1.
1625 3708 1712 3750 aa.
1760 3708 1800 3749 Β
1835 3709 1886 3759 13
1933 3716 1992 3751 m.
2039 3708 2140 3749 eius
2171 3705 2277 3749 etl.
2309 3708 2353 3748 D
2387 3711 2426 3751 8.
2457 3710 2501 3752 4.

244 3769 294 3823 x)
329 3775 375 3813 et
410 3793 463 3802 —
498 3768 634 3811 duxit
664 3768 749 3813 du.
779 3768 819 3809 Β
854 3771 895 3809 1.
1015 3766 1064 3820 y)
1099 3778 1201 3808 oum
1234 3767 1531 3810 Ounlmundo
1561 3768 1604 3807 D
1637 3767 1679 3807 2.
1816 3764 1860 3820 z)
1892 3766 2003 3806 deest
2033 3766 2076 3807 D
2112 3769 2150 3809 1.
2271 3763 2318 3818 ι)
2352 3769 2506 3821 eoepit

238 3835 342 3882 poet
371 3828 523 3881 ampl.
549 3828 594 3869 D
630 3829 682 3879 13
729 3827 781 3868 Β.
824 3827 1005 3878 aceepit
1028 3828 1071 3869 D
1105 3828 1155 3877 23
1188 3826 1241 3870 R.
1284 3836 1477 3868 uxorem
1509 3826 1642 3867 duxit
1671 3825 1714 3866 D
1746 3825 1791 3868 8.
