3042 4909
549 462 773 514 PAULI
811 459 1161 513 HISTORIA
1196 458 1871 514 LANGOBARDORUM.
1947 460 2092 514 LIB.
2132 462 2230 515 IV.
2430 462 2538 513 14⁷

294 628 514 694 Tuder
529 638 575 711 ⁸,
647 627 943 710 Ameria,
1012 627 1310 709 Perusia,
1375 627 1671 694 Luceolis
1687 629 1746 711 ¹³,
1816 639 1881 695 et
1950 628 2106 694 alias
2183 628 2495 715 quasdam
2510 641 2535 672 0

292 713 603 778 civitates.
690 710 880 792 Quod
922 711 1164 775 factum
1206 733 1355 776 cum
1395 713 1539 798 regi
1578 711 1639 775 A
1686 711 1862 778 ilulfo
1905 713 2265 779 nuntiatum
2309 723 2474 777 esset
2487 712 2537 794 θ,

293 797 509 861 statim
574 795 803 860 Ticino
821 807 847 838 0
913 816 1238 880 egressus,
1305 815 1455 860 cum
1520 795 1650 862 vali
1698 818 1735 860 o
1816 796 2137 862 exercitu‘
2205 796 2529 861 civitatem
2556 811 2682 853 ⁶⁹⁸?

289 880 626 945 Perusium
642 890 674 934 8
735 879 953 965 petiit·
1031 879 1250 967 ibique
1313 901 1431 979 per
1502 880 1640 945 dies
1715 879 1977 966 aliquod
2037 879 2492 945 Maurisionem
2508 880 2535 922 ¹¹

291 963 520 1029 ducem
562 963 703 1027 Lan
753 928 1139 1028 obardorum
1159 1011 1176 1045 ,
1235 986 1348 1050 qu1
1401 986 1469 1029 se
1509 964 1945 1029 Romanorum
1996 963 2285 1050 partibus
2345 961 2536 1028 tradi-

292 1046 502 1128 derat,
546 1045 700 1112 obse
750 1047 812 1129 ·t,
870 1057 935 1112 et
991 1047 1128 1113 sine
1171 1069 1351 1111 mora
1407 1058 1668 1133 captum
1719 1048 1885 1115 vita¹
1938 1048 2238 1134 privavit.
2322 1046 2535 1110 Huius

288 1131 460 1217 regis
489 1129 836 1195 adventum
851 1131 882 1173 1‘
926 1131 994 1195 in
1036 1140 1286 1195 tantum
1326 1129 1554 1197 beatus
1587 1131 1937 1218 Gregorius
1979 1153 2152 1231 papa
2194 1133 2534 1196 exterritus

289 1223 404 1296 est,
446 1222 519 1278 ut
558 1211 642 1277 ab
688 1215 1088 1300 expositione
1129 1213 1373 1300 templi,
1427 1216 1507 1279 de
1575 1237 1702 1314 quo
1746 1217 1813 1278 in
1853 1213 2229 1280 Ezechiele¹
2282 1212 2535 1299 legitur,

288 1297 641 1380 desisteret,
696 1299 863 1363 sicut
914 1299 937 1361 i
987 1319 1056 1363 se
1109 1319 1366 1385 quoque
1421 1299 1489 1363 in
1531 1321 1664 1363 suls
1720 1298 2008 1364 homeliis
2057 1299 2250 1363 refert
2262 1311 2305 1362 ¹.
2392 1297 2537 1362 Rex

285 1382 482 1467 igitur
532 1379 804 1466 Agilulf,
857 1321 1050 1447 regua
1070 1394 1111 1426 ¹¹¹
1156 1383 1536 1469 conpositis,
1594 1382 1892 1446 Ticinum
1943 1405 2014 1447 re
2064 1381 2299 1447 edavit.
2398 1380 2535 1444 Nec

284 1463 559 1530 multum
602 1475 784 1551 post,
848 1475 1264 1551 suggerente-¹
1319 1466 1603 1531 maxime
1646 1464 2005 1531 Theudelin
2051 1487 2091 1529 a
2142 1466 2365 1550 regina
2419 1484 2536 1528 sua

284 1548 586 1633 coniuge,
644 1549 810 1613 sicut
862 1569 1005 1613 eam
1023 1560 1049 1593 ⁰
1093 1547 1318 1615 beatus
1367 1560 1585 1650 papa?
1632 1549 1985 1648 Gregorius
2029 1549 2161 1614 suis
2204 1571 2239 1613 e
2286 1546 2488 1612 istulis
2507 1560 2535 1601 ⁴1

288 1632 544 1719 saepius
573 1634 945 1716 ammonuit,
984 1655 1132 1698 cum
1162 1634 1386 1699 eodem
1416 1656 1556 1699 viro
1586 1634 1992 1732 sanctissimo
2016 1654 2188 1720 papa
2280 1632 2532 1719 regorio

289 1726 485 1814 atque
548 1715 852 1781 Romanis
930 1737 1160 1803 pacem
1240 1717 1671 1782 firmissimam
1735 1721 1761 1748 *
1774 1718 2044 1816 pepig1t3
2134 1715 2493 1815 Eidemque
2510 1702 2577 1778 r?

286 1820 550 1885 regmae
601 1798 772 1865 idem
828 1798 1216 1866 venerabilis
1272 1800 1573 1866 sacerdos
1591 1812 1613 1844 ⁸
1690 1822 1808 1887 pro
1872 1810 2225 1887 gramarum
2286 1810 2536 1865 actione

291 1883 459 1947 hanc
503 1882 842 1969 epistulam
887 1882 1121 1948 direxit
1135 1895 1193 1948 ²:

465 1966 525 2030 9.
613 1965 986 2050 ‘Gregorius
1064 1968 1544 2034 Theudelindae
1610 1969 1874 2054 reginae
1945 1966 2538 2052 Langobardorum.

293 2049 465 2131 Quia
506 2049 885 2116 excellentia
935 2059 1151 2116 vestra
1203 2051 1287 2116 ad
1335 2051 1735 2116 faciendumt
1802 2072 2031 2137 pacem
2081 2049 2423 2115 studiosius
2474 2058 2538 2114 et

287 2132 564 2219 benigne
615 2155 703 2217 se,
747 2135 913 2199 sicut
962 2133 1148 2218 solet,
1198 2135 1603 2222 inpenderit¹¹
1619 2183 1635 2217 ,
1690 2134 2092 2200 renuntiante
2141 2132 2274 2197 filio
2317 2144 2535 2198 nostro

287 2216 503 2283 Probo
530 2217 763 2283 abbate
793 2218 1235 2304 cognovimus.
1322 2219 1460 2284 Nec
1489 2219 1662 2283 enim
1690 2218 1879 2283 aliter
1907 2217 1986 2282 de
2002 2230 2026 2262 v
2074 2217 2536 2282 christianitate

299 2377 345 2430 a)
378 2379 550 2421 Faider
585 2379 622 2422 Ο
654 2376 718 2421 ’1.
753 2381 793 2420 1.
824 2382 877 2431 23
925 2381 1092 2422 litterae
1135 2381 1209 2421 'l'u
1256 2392 1278 2421 e
1307 2392 1421 2422 corr.
1456 2381 1499 2421 D
1535 2383 1575 2421 1.
1729 2377 1776 2431 b)
1808 2380 2040 2422 Luceolus
2070 2378 2112 2419 A
2144 2379 2186 2422 5.
2236 2378 2287 2422 Ο.
2337 2378 2396 2418 D.
2429 2380 2455 2418 1
2489 2381 2529 2419 1.

288 2436 334 2490 c)
367 2448 481 2489 quas
513 2438 626 2480 duas
656 2438 698 2479 A
731 2442 773 2482 1.
896 2438 944 2492 d)
976 2441 1141 2481 fuisset
1170 2438 1212 2479 A
1230 2441 1271 2480 8.
1304 2440 1347 2480 D
1365 2441 1406 2480 2.
1531 2436 1576 2488 e)
1609 2439 1823 2480 Ticinum
1855 2438 1950 2481 Gi.
2069 2436 2110 2490 f)
2144 2438 2402 2479 exercitum
2432 2438 2470 2477 F
2488 2439 2532 2477 1.

289 2495 337 2547 g)
373 2508 411 2538 c.
444 2499 594 2538 statim
625 2499 678 2538 P.
709 2499 751 2539 A
783 2499 836 2548 Ως
866 2500 1109 2540 Perusiam
1140 2499 1199 2539 D.
1318 2496 1368 2550 h)
1401 2498 1750 2539 Maurusionem
1782 2497 1823 2539 G
1854 2494 1928 2548 ’ὓς
1959 2498 2120 2540 Maris.
2152 2498 2190 2537 F
2225 2499 2264 2536 1.
2400 2492 2437 2546 i)
2468 2497 2533 2536 vi-

285 2560 383 2597 tam
423 2557 461 2596 F
495 2556 556 2597 1?
586 2556 629 2597 G
662 2558 703 2598 1.
736 2558 778 2598 8.
807 2558 852 2597 4.
987 2556 1037 2608 k)
1065 2559 1131 2598 ita
1161 2556 1203 2597 A
1236 2559 1278 2597 1.
1311 2554 1375 2599 ⁸2.
1410 2555 1472 2598 '4.
1506 2558 1551 2597 4.
1587 2557 1631 2598 5.
1674 2558 1712 2597 F
1745 2560 1786 2599 1.
1835 2557 1878 2598 G
1912 2558 1954 2598 1.
1987 2554 2049 2599 ’8.
2082 2558 2122 2598 8.
2155 2556 2197 2596 3.
2229 2556 2283 2604 ις
2329 2554 2532 2595 adventu

288 2616 431 2658 ceteri.
569 2612 604 2665 1)
637 2615 888 2657 Ezechielo
932 2617 970 2656 F
1003 2618 1045 2657 1.
1094 2616 1135 2657 G
1167 2618 1207 2658 1.
1242 2612 1304 2656 ’8.
1339 2617 1392 2666 33
1437 2615 1746 2657 Ezechiehelo
1780 2616 1815 2656 O
1845 2613 1916 2665 ἰς
1960 2615 2226 2656 Iesechielo
2259 2613 2294 2656 0
2330 2615 2380 2662 13
2424 2613 2532 2653 Hie-

288 2674 499 2716 zechielo
530 2673 630 2715 Gs.
753 2673 816 2727 m)
851 2676 1057 2717 extincto
1087 2675 1373 2716 Mauricione
1405 2675 1556 2716 Ticin.
1590 2686 1743 2716 scorr.
1776 2675 1814 2714 F
1831 2678 1873 2716 1.
1994 2676 2043 2729 n)
2077 2675 2401 2723 suggerentem
2432 2672 2470 2711 F
2489 2674 2530 2713 1.

288 2732 335 2785 ο)
365 2735 505 2773 etiam
535 2733 574 2773 E
608 2735 652 2772 1.
683 2733 735 2774 F.
771 2733 827 2775 G.
948 2733 997 2786 p)
1029 2735 1141 2774 deest
1169 2735 1212 2775 D
1245 2735 1288 2775 8.
1323 2735 1377 2784 ἃς
1408 2733 1488 2776 Gr.
1520 2746 1567 2784 p.
1600 2734 1643 2774 D
1679 2736 1730 2784 13
1774 2744 1811 2774 s.
1844 2744 1885 2777 e.
1917 2744 1953 2774 s.
1988 2737 2025 2773 ct
2056 2733 2220 2774 eodem
2250 2742 2295 2774 v.
2326 2741 2363 2771 s.
2396 2741 2442 2781 p.
2474 2728 2531 2771 G.

285 2795 426 2842 atque
455 2792 542 2833 des.
574 2792 618 2832 D
653 2792 694 2833 2.
728 2791 769 2839 3,
799 2792 876 2832 ubi
903 2794 1086 2833 monuit
1116 2795 1157 2846 2,
1190 2796 1434 2834 monuerat
1464 2794 1505 2834 8.
1616 2791 1664 2845 q)
1696 2794 1759 2833 ita
1789 2794 1831 2833 A
1864 2794 1904 2831 1.
1933 2793 1971 2832 F
2005 2793 2045 2844 1,
2076 2791 2266 2841 saepiae.
2368 2787 2409 2841 r)
2441 2790 2530 2829 1⁸20·

287 2850 486 2901 demque
517 2851 555 2890 F
588 2852 630 2892 1.
748 2849 788 2903 s)
825 2850 1077 2901 Gregorius
1106 2853 1150 2893 D
1183 2852 1226 2893 2.
1260 2854 1302 2893 3.
1423 2851 1459 2903 t)
1491 2852 1756 2893 faciendam
1787 2850 1840 2892 Ο.
1873 2852 1932 2892 D.
1962 2851 1987 2891 1
2020 2852 2064 2891 1.
2194 2846 2244 2899 u)
2277 2848 2532 2899 inpendere

284 2910 324 2950 B
359 2910 431 2952 la.
464 2908 519 2950 G.
552 2909 577 2950 1
608 2910 660 2959 Ως
691 2909 761 2950 sol
790 2910 1038 2960 inpenderi
1066 2911 1104 2951 Γ
1137 2914 1189 2961 13
1219 2911 1394 2952 studuit
1423 2911 1694 2962 impendere
1725 2911 1763 2950 F
1796 2911 1847 2961 ὃς
1879 2911 2000 2950 sicut
2022 2912 2125 2960 post
2154 2909 2233 2950 del.
2266 2909 2304 2948 F
2339 2910 2379 2960 1,
2421 2907 2533 2946 dom

293 2967 336 3008 G
366 2967 439 3010 bc.
475 2989 529 2999 —
563 2968 909 3009 renuntiantem
939 2970 977 3009 F
1010 2970 1053 3009 1.
1173 2968 1221 3022 v)
1256 2970 1313 3011 de
1351 2992 1397 3001 -
1432 2970 1697 3012 fundendus
1725 2970 1880 3010 fuerat
1907 2969 1993 3010 dee.
2028 2968 2069 3007 G
2101 2968 2169 3008 5c.

293 3097 352 3167 1)
391 3099 465 3152 D.
507 3097 752 3168 Gregorii
787 3099 949 3152 verba
975 3099 1218 3168 praefat.
1255 3100 1313 3151 in
1344 3099 1434 3152 lib.
1461 3099 1548 3151 II.
1582 3117 1744 3167 super
1778 3099 2133 3153 Ezechielem:
2173 3099 2313 3162 Quia
2351 3097 2533 3149 multis

289 3174 431 3225 curis
485 3174 851 3240 prementibus
887 3173 1194 3225 Ezechielis
1248 3174 1544 3241 prophetae
1598 3174 1795 3226 librum
1834 3190 2012 3226 coram
2072 3174 2296 3224 caritate
2352 3176 2532 3223 vestra

285 3251 457 3298 totum
493 3263 591 3314 per
627 3246 869 3298 ordinem
905 3248 1229 3314 perscrutari
1279 3263 1387 3298 non
1443 3246 1627 3298 licuit:
1667 3248 1822 3299 bonis
1877 3246 2159 3298 desideriis
2195 3245 2402 3312 placuit
2437 3258 2532 3310 pa·

288 3335 425 3383 rere,
465 3325 527 3372 ut
563 3319 755 3372 saltem
808 3325 1045 3371 extrema
1093 3321 1207 3371 eius
1256 3321 1412 3381 visio,
1462 3334 1600 3386 quae
1654 3322 1706 3371 ei
1753 3319 1900 3370 facta
1949 3323 2032 3371 est
2082 3317 2150 3369 de
2189 3316 2437 3368 aedificio
2475 3317 2534 3365 in

288 3397 469 3444 monte
510 3394 814 3456 constituto,
854 3408 991 3460 quae
1032 3398 1086 3445 et
1137 3394 1343 3444 cunctis
1382 3397 1465 3444 est
1498 3392 1796 3444 visionibus
1832 3393 1948 3443 eius
1994 3391 2286 3453 obscurior,
2339 3388 2535 3456 exponi

291 3464 582 3517 debuisset.
656 3466 729 3518 Et
764 3466 983 3532 quidem
1020 3465 1287 3519 voluntati
1336 3469 1554 3515 vestrae
1610 3476 1695 3515 me
1743 3479 1932 3530 parere
1981 3477 2204 3514 necesse
2244 3467 2341 3512 est.
2420 3458 2530 3511 Sed

292 3537 398 3589 duo
436 3543 559 3590 sunt
591 3554 729 3604 quae
766 3539 870 3589 hac
908 3541 966 3589 in
1001 3555 1060 3590 re
1098 3538 1412 3605 perturbant
1448 3538 1683 3588 animum
1722 3553 1917 3599 meum,
1967 3551 2148 3598 unum,
2207 3533 2352 3600 quod
2391 3533 2531 3583 haec

292 3610 485 3662 eadem
527 3612 665 3663 visio
720 3617 905 3663 tantae
948 3612 1288 3665 obscuritatis
1339 3610 1551 3661 nebulis
1598 3611 1814 3676 tegitur,
1872 3614 1933 3660 ut
1980 3610 2071 3660 vix
2120 3608 2179 3657 in
2218 3622 2283 3658 ea
2323 3602 2530 3671 aliquid

286 3683 570 3736 intellectu
621 3685 976 3736 interlucente
1026 3685 1303 3747 videatur3
1358 3682 1526 3746 aliud,
1576 3682 1719 3750 quod
1769 3684 1879 3733 iam
1916 3678 2265 3747 Agilulphum
2313 3679 2530 3744 Lango-

287 3757 579 3809 bardorum
617 3773 801 3823 regem
827 3758 898 3809 ad
936 3759 1271 3811 obsidionem
1309 3761 1545 3808 nostram
1584 3771 1917 3822 summopere
1954 3755 2297 3806 festinantem
2322 3752 2532 3803 Padum

287 3829 544 3882 transisse
585 3831 961 3896 cognovimus3
1013 3831 1155 3883 unde
1196 3837 1439 3899 pensate,
1477 3830 1668 3882 fratres
1709 3829 1988 3891 carissimi,
2034 3827 2091 3878 in
2130 3825 2439 3891 caliginosis
2478 3827 2533 3872 et

288 3904 530 3968 mysticis
567 3905 813 3956 sensibus
861 3910 1142 3971 penetrare
1182 3904 1312 3971 quid
1362 3903 1545 3956 valeat
1589 3918 1740 3955 mens
1790 3903 1999 3964 misera,
2048 3900 2254 3950 timoris
2292 3899 2375 3949 sui
2411 3911 2530 3962 per-

289 3976 683 4028 turbationibus
740 3984 1005 4044 occupata
1060 3986 1153 4029 etc.
1231 3975 1478 4030 Recitata
1531 3993 1655 4029 vcro
1712 3971 1940 4027 homelia
1993 3968 2183 4023 XXII.
2241 3970 2373 4022 hacc
2421 3967 2529 4019 ait:

287 4050 460 4100 Nemo
500 4055 679 4100 autem
717 4065 803 4100 me
841 4050 1213 4117 reprehendat,
1252 4052 1299 4102 si
1335 4056 1458 4118 post
1492 4051 1635 4101 hanc
1671 4049 1997 4100 locutionem
2049 4059 2348 4107 cessavero,
2387 4042 2532 4108 quia,

287 4124 429 4175 sicut
453 4138 638 4174 omnes
677 4124 913 4188 cernitis,
949 4128 1161 4176 nostrae
1198 4124 1572 4175 tribulationes
1611 4125 1974 4174 excreverunt.
2045 4117 2297 4183 Undique
2334 4114 2533 4181 gladiis

293 4196 603 4247 circumfusi
640 4211 838 4261 sumus,
887 4197 1125 4263 undique
1176 4198 1461 4249 imminens
1498 4198 1683 4248 mortis
1732 4192 2031 4263 periculum
2078 4193 2346 4243 timemus.
2421 4186 2533 4239 Alii

293 4268 623 4322 detruncatis
661 4269 732 4321 ad
770 4286 866 4322 nos
918 4271 1163 4323 manibus
1212 4269 1456 4333 redeunt,
1505 4269 1600 4321 alii
1640 4271 1801 4337 capti,
1851 4268 1947 4319 alii
2000 4264 2309 4330 interempti
2343 4260 2530 4312 nunci-

292 4347 469 4394 antur.
542 4344 660 4394 Iam
693 4359 858 4409 cogor
892 4342 1132 4410 linguam
1158 4344 1227 4395 ab
1268 4343 1600 4411 expositione
1639 4344 1888 4405 retinere,
1927 4340 2053 4406 quia
2077 4337 2264 4390 taedet
2300 4336 2530 4386 animam

289 4431 467 4468 meam
503 4418 650 4468 vitae
689 4432 842 4468 meae
881 4424 976 4469 etc.
1016 4417 1112 4468 BI.
1261 4413 1321 4482 2)
1359 4414 1488 4484 Ray.
1529 4414 1628 4479 IX,
1668 4416 1759 4467 43.

1967 4514 2070 4565 10⁸

2587 1773 2634 1814 p.
2668 1762 2768 1803 119.
