3042 4909
462 432 529 480 12
919 430 1139 482 PAULI
1177 430 1526 483 HISTORIA
1564 430 2237 483 LANGOBARDORUM.

630 595 1181 682 Qualemeumque
1223 599 1317 663 tui
1360 596 1603 680 famuli,
1646 620 1764 664 rex
1806 619 2058 682 magne,
2099 595 2418 679 laborem3

631 681 950 768 Quodque
992 702 1175 745 sacro
1218 701 1424 767 nuper
1464 681 1784 746 mandasti
1822 681 2059 745 famine
2101 680 2307 763 condi,

627 764 816 829 Nunc
862 786 1022 850 opus
1065 774 1428 851 acceptans,
1471 764 1662 830 rutilo
1706 766 2009 831 comitare
2051 763 2290 829 favore.

629 848 708 912 In
795 869 878 911 uo
923 850 979 912 si
1022 847 1180 936 quid
1222 849 1343 914 erit
1381 847 1592 913 labis³
1632 850 1897 936 vitiique
1937 848 2246 929 nocentis,

627 929 752 995 Illu
838 941 1051 997 vestra
1091 954 1294 1017 sagax
1334 933 1605 996 nimium
1648 933 1959 1018 sapientia
1999 934 2279 1018 purgem}

629 1014 720 1080 Ut
767 1036 847 1079 ue
887 1013 1017 1100 legi
1106 1038 1175 1080 er
1218 1038 1403 1081 sacra
1444 1027 1640 1101 queat
1680 1015 2004 1082 domicilia
2047 1014 2305 1096 Christi,

629 1037 882 1162 Nuffljus
924 1100 1045 1164 titu
1091 1109 1236 1165 ante
1278 1100 1405 1164 fide
1449 1101 1504 1163 si
1549 1100 1838 1166 sensibus
1880 1098 2022 1165 altis

630 1182 860 1264 Enixe,
905 1191 976 1247 ut
1018 1183 1229 1268 cupio,
1272 1184 1501 1249 vestris
1544 1196 1892 1270 utcumque
1933 1182 2230 1269 placebit,

632 1265 924 1329 Firmum
968 1266 1122 1331 ordo
1167 1268 1379 1353 capiat
1418 1279 1632 1333 vestra
1674 1269 2001 1333 sanctione
2043 1268 2357 1352 vigorem.

638 1403 822 1477 Quae
882 1404 985 1468 bic
1046 1405 1124 1469 de
1184 1426 1218 1468 o
1269 1428 1302 1468 e
1359 1407 1578 1469 sancti
1617 1406 1963 1469 Benedicti
2018 1414 2077 1468 et
2137 1406 2388 1470 abbatis
2432 1403 2706 1468 ‘domini

463 1490 589 1552 sui'
649 1489 826 1551 dicta
880 1497 1036 1551 sunt
1077 1510 1201 1551 sua
1251 1510 1353 1551 ere
1395 1489 1730 1569 videntur,
1788 1498 1861 1551 ut
1908 1488 2232 1573 grandem
2276 1489 2449 1552 banc
2504 1488 2704 1552 bomi-

464 1571 711 1635 liarum
754 1570 1178 1635 collectionem
1225 1595 1269 1634 a
1310 1571 1524 1635 Paulo
1574 1570 1886 1636 Casinum
1927 1593 2182 1636 reverso
2225 1571 2478 1635 demum
2523 1570 2702 1634 abso-

464 1652 672 1718 lutam
715 1677 847 1719 esse
890 1663 1255 1718 statuamus
1272 1666 1314 1717 ¹.

636 1739 718 1802 In
747 1739 1044 1802 Francia
1071 1761 1240 1819 vero,
1278 1738 1717 1825 Anqilramno
1747 1740 2052 1824 episcopo
2082 1737 2374 1803 Metensi'
2389 1746 2642 1823 petente
2658 1747 2703 1817 ²,

456 1844 672 1905 prope
716 1845 900 1908 quem
942 1824 1015 1886 in
1060 1824 1344 1906 quodam
1386 1821 1572 1887 urbis
1601 1825 1993 1887 monasterio
2039 1823 2289 1887 diutius
2329 1824 2570 1887 vixisse
2611 1822 2704 1884 vi-

279 1923 354 1978 ·p.
373 1928 444 1968 21.
467 1905 713 1987 detur³,
747 1904 946 1969 Gesta
974 1907 1239 1990 scripsit
1266 1908 1713 1991 episcoporum
1741 1908 2144 1988 Metensium,
2191 1928 2357 1991 opus
2387 1905 2506 1969 *ad
2542 1906 2705 1968 ima-

466 1990 686 2076 ginem
730 1988 1074 2053 Gestorum
1105 1989 1496 2073 pontificum
1547 1990 1994 2055 Romanorum
2048 1999 2454 2075 conceptum,
2512 1993 2705 2076 cujus

467 2072 676 2136 simile
721 2073 815 2137 cis
857 2073 1059 2157 Alpes
1101 2074 1394 2137 nondum
1437 2074 1762 2155 exstabat,
1865 2073 1998 2138 uod
2035 2084 2271 2159 postea
2312 2096 2462 2138 vero
2506 2096 2704 2158 quam

457 2156 742 2240 plurimi
768 2166 923 2221 sunt
949 2158 1209 2221 imitati.
1276 2156 1417 2230 Quo
1449 2160 1645 2222 etiam
1673 2167 1747 2221 ut
1833 2156 2004 2222 aroli
2029 2182 2138 2222 ma
2156 2160 2328 2239 ‘ores,
2350 2156 2704 2242 Arnolfum

467 2242 843 2325 episcopum
885 2243 1150 2327 ejusque
1180 2244 1630 2328 propaginem
1685 2243 2029 2326 ipsumque
2137 2241 2391 2306 arolum
2433 2240 2704 2306 celebra-

466 2334 582 2405 ret,
626 2334 863 2389 nactus
907 2333 998 2387 est
1026 2327 1484 2390 occasionem⁴.
1569 2326 1917 2391 Praeterea
1959 2334 2113 2389 tunc
2138 2325 2455 2413 fortasse,
2495 2324 2704 2390 Adal-

468 2408 680 2473 hardo
728 2408 954 2473 abbate
1003 2408 1775 2558 Corbejensidflayitante‚
1834 2411 2140 2496 Greyorii
2182 2411 2235 2473 1.
2290 2431 2518 2494 papae
2574 2411 2706 2493 epi·

468 2492 669 2557 stolas
700 2493 1159 2558 describendas
1185 2515 1363 2558 emen
1416 2494 1757 2578 andasque
1800 2496 2099 2579 suscepit,
2141 2495 2257 2558 sed
2293 2493 2710 2578 aeqritudine

468 2577 819 2659 impeditus
850 2579 1124 2641 nonnisi
1144 2578 1390 2642 minori
1417 2599 1646 2641 earum
1666 2579 1862 2661 parti
1883 2578 2056 2641 bane
2078 2600 2307 2641 curam
2336 2578 2706 2662 impendere

458 2660 683 2743 potuit
696 2670 740 2721 ³.
827 2659 1195 2742 Epistolam
1238 2661 1391 2725 huie
1435 2660 1604 2724 libro
1636 2662 2071 2744 praemissam
2114 2683 2194 2723 eae
2223 2662 2441 2724 codice
2486 2661 2705 2725 arche-

470 2752 654 2827 typo,
714 2752 868 2806 tunc
911 2745 983 2805 in
1026 2742 1405 2806 bibliotheca
1448 2742 1519 2807 S.
1568 2742 1886 2806 Germani
1925 2743 2299 2805 Parisiensi
2352 2753 2706 2824 asservato,

472 2828 662 2910 cujus
685 2826 853 2910 fata
893 2827 1230 2906 nescimus,
1283 2825 1678 2908 descriptam
1718 2824 2041 2888 Mabillon
2085 2825 2292 2888 edidit
2321 2834 2581 2908 partem
2626 2849 2706 2888 ue

474 2911 619 2973 aeri
658 2908 949 2973 incidere
973 2909 1148 2993 fecit
1163 2917 1207 2971 ⁶.
1298 2907 1540 2989 Quam,
1600 2930 1744 2972 cum
1802 2910 2089 2972 auctoris
2144 2910 2317 2973 vitae
2359 2918 2417 2972 et
2466 2919 2570 2973 stu
2621 2911 2707 2972 iis

472 2992 677 3074 lucem
721 2990 973 3076 afferat,
1019 2992 1123 3056 bic
1167 3013 1417 3077 quoque
1459 2991 1872 3056 inserendam
1917 2991 2247 3057 duximus.

472 3115 518 3169 a)
552 3118 690 3157 labiis
722 3118 859 3166 Luyd.
901 3116 1010 3157 Mod.

475 3211 533 3279 1)
571 3213 662 3263 Ita
691 3219 828 3263 recte
848 3212 1015 3262 Dalm
1034 3229 1097 3276 p.
1120 3211 1189 3261 48
1211 3229 1287 3278 sq.
1322 3220 1508 3263 eontra
1525 3212 1917 3263 Bethmannum
1950 3215 2027 3278 (p.
2050 3212 2155 3262 265
2185 3229 2241 3263 n.
2265 3213 2403 3272 801,-
2429 3214 2498 3279 cf.
2530 3219 2705 3266 tamen

462 3304 526 3351 p.
541 3286 667 3336 249.
690 3285 843 3350 272).
899 3285 953 3347 2)
974 3285 1102 3335 Hist
1120 3284 1294 3353 Lanq.
1317 3284 1409 3348 VI,
1430 3287 1516 3336 16.
1559 3287 1612 3350 3)
1632 3284 1877 3351 Epistola
1890 3301 2058 3351 supra
2078 3283 2222 3337 edita
2229 3287 2425 3351 procul
2441 3286 2601 3338 dubio
2622 3287 2705 3338 hic

470 3359 670 3424 scripta
707 3367 798 3409 est.
878 3356 1064 3423 Neque
1114 3366 1289 3409 tamen
1339 3359 1482 3410 locus
1536 3376 1571 3408 a
1606 3358 1830 3421 Pensio,
1870 3356 1971 3410 SS.
2000 3357 2081 3421 II,
2111 3376 2175 3424 p.
2202 3359 2324 3422 260,
2372 3359 2570 3411 allatus
2610 3360 2703 3425 (ib.

460 3450 524 3497 p.
554 3432 686 3498 263)
715 3432 879 3496 docet,
906 3429 1138 3482 Paulum
1164 3431 1290 3482 dum
1317 3432 1562 3483 scriberet
1598 3431 1673 3482 ibi
1698 3439 2032 3497 praesentem
2052 3432 2253 3498 fuisse.
2366 3432 2424 3494 4)
2466 3430 2545 3497 ἐγ.
2567 3449 2704 3498 quae

470 3506 717 3568 Bonnell‚
739 3503 989 3573 Anfa'nqe
1000 3521 1060 3570 p.
1077 3505 1165 3568 45,
1193 3512 1377 3555 contra
1394 3505 1786 3556 Bethmannum
1794 3522 1856 3570 p.
1875 3503 1998 3567 266,
2025 3503 2119 3570 qui
2143 3504 2299 3555 etiam
2320 3503 2513 3555 altiora
2531 3504 2705 3556 Paulo

472 3578 701 3631 tribuere
745 3581 986 3631 voluerat
1037 3577 1276 3640 consilia,
1327 3578 1547 3629 monuit.
1622 3577 1774 3629 Inter
1818 3576 2051 3645 gloriosa
2099 3576 2292 3629 Karoli
2330 3578 2493 3644 faeta
2549 3578 2707 3629 etiam

471 3650 952 3719 Langobardorum
988 3652 1353 3721 subjectionem
1390 3658 1619 3704 recenset
1653 3659 1701 3702 et
1740 3652 2052 3703 ‘clementem
2087 3651 2227 3718 reqis
2263 3651 2704 3717 moderationem’,

474 3740 585 3791 qua
637 3724 928 3776 ‘victoriam
964 3722 1307 3790 temperavit'‚
1355 3724 1654 3790 praedicat.
1861 3722 1920 3789 5)
1968 3723 2128 3775 Totus
2166 3724 2416 3789 epistolae
2453 3733 2618 3789 tenor,
2660 3735 2708 3777 et

473 3796 1917 3935 &mmmmm‘fetssloemzzssfiltsszbtttitsstn
1930 3798 2707 3923 ’ἴοιὶῗιῖῗρῗῗξηόῗζῗέῂὲἴεῖ

472 3959 661 3994 revera
684 3951 860 3994 noster
883 3940 953 3992 sit
980 3907 1296 3994 Casinensis.
1372 3942 1649 4006 Mabillon,
1677 3941 1821 3993 Ann.
1849 3941 1931 4006 II,
1957 3960 2011 4008 p.
2042 3908 2165 4006 284’,
2197 3889 2378 4010 {psum
2390 3945 2508 4012 jam
2533 3959 2708 3996 senem

472 4015 532 4067 in
557 4031 653 4066 suo
677 4014 995 4066 monasterio
1022 4015 1116 4066 hoc
1143 4032 1276 4080 opus
1302 4016 1609 4080 suscepisse,
1651 4015 1901 4081 opinatus
1928 4025 2017 4068 est.
2099 4015 2242 4068 Certe
2266 4015 2422 4066 nimis
2449 4015 2706 4068 audacter

474 4089 780 4140 Bethmann
806 4106 870 4155 p.
906 4087 1031 4139 298.
1073 4087 1347 4153 epistolam
1385 4088 1460 4140 ad
1484 4088 1763 4141 Mosellam
1800 4087 2052 4155 scriptam
2090 4088 2367 4140 contendit.
2442 4087 2620 4139 Rheni
2656 4095 2705 4140 et

473 4161 727 4213 Mosellae
764 4159 1074 4213 mentionem
1111 4161 1269 4213 etiam
1295 4169 1489 4226 postea
1508 4162 1701 4229 facere
1729 4170 1944 4228 poterat
1953 4179 1972 4223 ,-
2008 4162 2103 4213 sed
2139 4163 2361 4228 ‘pauper
2398 4167 2453 4212 et
2490 4162 2578 4211 cui
2612 4158 2705 4211 de·

474 4240 597 4287 sunt
632 4234 852 4285 librarii‘
890 4235 1130 4301 fortasse
1179 4234 1347 4301 maqis
1397 4233 1578 4286 itineri
1616 4234 1818 4286 Gallico
1871 4251 2030 4301 quam
2078 4233 2393 4285 monasterio
2433 4231 2709 4285 Oasinensi

474 4306 807 4360 conveniunt.
883 4305 1235 4359 Adalhardus
1272 4307 1384 4373 ipse
1412 4308 1748 4374 aliquamdiu
1787 4316 1908 4359 ante
1934 4324 1985 4358 a.
2017 4306 2138 4357 780.
2164 4305 2248 4358 hic
2273 4306 2557 4358 monachus
2590 4322 2705 4358 ver-

472 4390 622 4432 satus
640 4389 730 4445 est,
762 4379 884 4432 Vita
903 4399 947 4432 c.
979 4382 1062 4445 12,
1089 4378 1190 4433 SS.
1210 4380 1291 4446 ΙΙ,
1309 4399 1371 4447 p.
1395 4381 1500 4432 525
1513 4398 1533 4443 ‚·
1553 4382 1624 4448 qf.
1644 4381 1851 4432 Mabill.
1870 4378 2014 4432 Ann.
2030 4378 2111 4444 II,
2129 4397 2191 4446 p.
2214 4380 2340 4432 252.
2419 4379 2476 4446 6)
2502 4379 2639 4431 Acta
2657 4378 2707 4443 I,
