<?xml version="1.0" encoding="UTF-8"?>
<!DOCTYPE html PUBLIC "-//W3C//DTD XHTML 1.0 Transitional//EN"
    "http://www.w3.org/TR/xhtml1/DTD/xhtml1-transitional.dtd">
<html xmlns="http://www.w3.org/1999/xhtml" xml:lang="en" lang="en">
 <head>
  <title>
</title>
<meta http-equiv="Content-Type" content="text/html;charset=utf-8" />
  <meta name='ocr-system' content='tesseract 3.04.00' />
  <meta name='ocr-capabilities' content='ocr_page ocr_carea ocr_par ocr_line ocrx_word'/>
</head>
<body>
  <div class='ocr_page' id='page_1' title='image "./paulihistoriala01waitgoog_0069.png"; bbox 0 0 3042 4909; ppageno 0'>
   <div class='ocr_carea' id='block_1_1' title="bbox 610 353 2540 414">
    <p class='ocr_par' dir='ltr' id='par_1_1' title="bbox 610 353 2540 414">
     <span class='ocr_line' id='line_1_1' title="bbox 610 353 2540 414; baseline 0 -3"><span class='ocrx_word' id='word_1_1' title='bbox 610 357 834 411; x_wconf 85' lang='lat' dir='ltr'>PAULI</span> <span class='ocrx_word' id='word_1_2' title='bbox 874 357 1226 412; x_wconf 80' lang='lat' dir='ltr'><strong>HISTORIA</strong></span> <span class='ocrx_word' id='word_1_3' title='bbox 1263 353 1938 413; x_wconf 77' lang='lat' dir='ltr'>LANGOBARDORUM.</span> <span class='ocrx_word' id='word_1_4' title='bbox 2016 359 2160 414; x_wconf 87' lang='lat' dir='ltr'><strong>LIB.</strong></span> <span class='ocrx_word' id='word_1_5' title='bbox 2202 361 2248 413; x_wconf 91' lang='grc' dir='ltr'><strong>Ι.</strong></span> <span class='ocrx_word' id='word_1_6' title='bbox 2473 361 2540 411; x_wconf 81' lang='grc'><strong>61</strong></span> 
     </span>
    </p>
   </div>
   <div class='ocr_carea' id='block_1_2' title="bbox 279 523 2544 2368">
    <p class='ocr_par' dir='ltr' id='par_1_2' title="bbox 287 523 2544 759">
     <span class='ocr_line' id='line_1_2' title="bbox 290 523 2542 615; baseline 0.001 -24"><span class='ocrx_word' id='word_1_7' title='bbox 290 524 484 592; x_wconf 91' lang='lat' dir='ltr'><strong>modo</strong></span> <span class='ocrx_word' id='word_1_8' title='bbox 529 534 593 592; x_wconf 88' lang='lat' dir='ltr'><strong>et</strong></span> <span class='ocrx_word' id='word_1_9' title='bbox 634 524 1064 610; x_wconf 87' lang='lat' dir='ltr'><strong>Vurgundaib</strong></span> <span class='ocrx_word' id='word_1_10' title='bbox 1080 535 1127 608; x_wconf 77' lang='lat'><strong>⁸,</strong></span> <span class='ocrx_word' id='word_1_11' title='bbox 1172 524 1329 612; x_wconf 63' lang='lat' dir='ltr'><strong>perh</strong></span> <span class='ocrx_word' id='word_1_12' title='bbox 1364 546 1567 591; x_wconf 90' lang='lat' dir='ltr'><strong>annos</strong></span> <span class='ocrx_word' id='word_1_13' title='bbox 1611 523 1872 612; x_wconf 82' lang='lat' dir='ltr'><strong>aliquod</strong></span> <span class='ocrx_word' id='word_1_14' title='bbox 1914 526 2331 613; x_wconf 74' lang='lat' dir='ltr'><strong>possidisse03</strong></span> <span class='ocrx_word' id='word_1_15' title='bbox 2377 549 2542 615; x_wconf 89' lang='lat' dir='ltr'><strong>quae</strong></span> 
     </span>
     <span class='ocr_line' id='line_1_3' title="bbox 287 607 2544 698; baseline 0.001 -24"><span class='ocrx_word' id='word_1_16' title='bbox 287 631 407 674; x_wconf 91' lang='lat' dir='ltr'><strong>nos</strong></span> <span class='ocrx_word' id='word_1_17' title='bbox 452 609 748 676; x_wconf 86' lang='lat' dir='ltr'><strong>arbitrari</strong></span> <span class='ocrx_word' id='word_1_18' title='bbox 790 629 1133 695; x_wconf 87' lang='lat' dir='ltr'><strong>possumus</strong></span> <span class='ocrx_word' id='word_1_19' title='bbox 1164 630 1303 675; x_wconf 88' lang='lat' dir='ltr'><strong>esse</strong></span> <span class='ocrx_word' id='word_1_20' title='bbox 1346 607 1662 676; x_wconf 76' lang='lat' dir='ltr'><strong>vocabula</strong></span> <span class='ocrx_word' id='word_1_21' title='bbox 1704 630 2019 696; x_wconf 81' lang='lat' dir='ltr'><strong>pagorum</strong></span> <span class='ocrx_word' id='word_1_22' title='bbox 2037 611 2065 652; x_wconf 78' lang='lat'><strong>‘¹</strong></span> <span class='ocrx_word' id='word_1_23' title='bbox 2097 632 2212 676; x_wconf 92' lang='lat' dir='ltr'><strong>seu</strong></span> <span class='ocrx_word' id='word_1_24' title='bbox 2243 633 2544 698; x_wconf 89' lang='lat' dir='ltr'><strong>quorum·</strong></span> 
     </span>
     <span class='ocr_line' id='line_1_4' title="bbox 295 691 920 759; baseline -0.003 0"><span class='ocrx_word' id='word_1_25' title='bbox 295 715 443 759; x_wconf 90' lang='lat' dir='ltr'><strong>cum</strong></span> <span class='ocrx_word' id='word_1_26' title='bbox 490 713 572 758; x_wconf 91' lang='lat' dir='ltr'><strong>ue</strong></span> <span class='ocrx_word' id='word_1_27' title='bbox 613 691 920 758; x_wconf 90' lang='lat' dir='ltr'><strong>locorum.</strong></span> 
     </span>
    </p>

    <p class='ocr_par' dir='ltr' id='par_1_3' title="bbox 281 774 2544 1427">
     <span class='ocr_line' id='line_1_5' title="bbox 498 774 2542 864; baseline 0.001 -24"><span class='ocrx_word' id='word_1_28' title='bbox 498 776 559 840; x_wconf 91' lang='lat'><strong>4.</strong></span> <span class='ocrx_word' id='word_1_29' title='bbox 646 776 956 842; x_wconf 77' lang='lat' dir='ltr'><strong>Mortuis⁰</strong></span> <span class='ocrx_word' id='word_1_30' title='bbox 1002 776 1245 842; x_wconf 90' lang='lat' dir='ltr'><strong>interea</strong></span> <span class='ocrx_word' id='word_1_31' title='bbox 1284 775 1439 841; x_wconf 92' lang='lat' dir='ltr'><strong>Ibor</strong></span> <span class='ocrx_word' id='word_1_32' title='bbox 1482 786 1548 842; x_wconf 93' lang='lat' dir='ltr'><strong>et</strong></span> <span class='ocrx_word' id='word_1_33' title='bbox 1599 774 1808 842; x_wconf 90' lang='lat' dir='ltr'><strong>Aione</strong></span> <span class='ocrx_word' id='word_1_34' title='bbox 1876 775 2175 858; x_wconf 90' lang='lat' dir='ltr'><strong>ducibus,</strong></span> <span class='ocrx_word' id='word_1_35' title='bbox 2220 777 2333 864; x_wconf 90' lang='lat' dir='ltr'><strong>qui</strong></span> <span class='ocrx_word' id='word_1_36' title='bbox 2374 778 2542 842; x_wconf 90' lang='lat' dir='ltr'><strong>Lan·</strong></span> 
     </span>
     <span class='ocr_line' id='line_1_6' title="bbox 286 858 2540 947; baseline 0 -22"><span class='ocrx_word' id='word_1_37' title='bbox 286 858 610 946; x_wconf 87' lang='lat' dir='ltr'><strong>gebardos</strong></span> <span class='ocrx_word' id='word_1_38' title='bbox 631 859 653 902; x_wconf 71' lang='lat' dir='ltr'>f</span> <span class='ocrx_word' id='word_1_39' title='bbox 694 880 735 924; x_wconf 88' lang='lat' dir='ltr'><strong>a</strong></span> <span class='ocrx_word' id='word_1_40' title='bbox 779 859 1207 926; x_wconf 67' lang='lat' dir='ltr'><strong>Scadinaviaz</strong></span> <span class='ocrx_word' id='word_1_41' title='bbox 1251 859 1651 926; x_wconf 69' lang='lat' dir='ltr'><strong>eduxeranth</strong></span> <span class='ocrx_word' id='word_1_42' title='bbox 1696 869 1761 925; x_wconf 92' lang='lat' dir='ltr'><strong>et</strong></span> <span class='ocrx_word' id='word_1_43' title='bbox 1817 882 2021 947; x_wconf 88' lang='lat' dir='ltr'><strong>usque</strong></span> <span class='ocrx_word' id='word_1_44' title='bbox 2051 860 2135 926; x_wconf 89' lang='lat' dir='ltr'><strong>ad</strong></span> <span class='ocrx_word' id='word_1_45' title='bbox 2177 860 2338 927; x_wconf 89' lang='lat' dir='ltr'><strong>haec</strong></span> <span class='ocrx_word' id='word_1_46' title='bbox 2381 870 2540 926; x_wconf 90' lang='lat' dir='ltr'><strong>tem-</strong></span> 
     </span>
     <span class='ocr_line' id='line_1_7' title="bbox 287 941 2539 1030; baseline 0.001 -22"><span class='ocrx_word' id='word_1_47' title='bbox 287 964 448 1029; x_wconf 89' lang='lat' dir='ltr'><strong>pora</strong></span> <span class='ocrx_word' id='word_1_48' title='bbox 470 953 820 1026; x_wconf 78' lang='lat' dir='ltr'><strong>rexerant1,</strong></span> <span class='ocrx_word' id='word_1_49' title='bbox 848 941 1133 1010; x_wconf 87' lang='lat' dir='ltr'><strong>nolentes</strong></span> <span class='ocrx_word' id='word_1_50' title='bbox 1155 943 1285 1008; x_wconf 90' lang='lat' dir='ltr'><strong>iam</strong></span> <span class='ocrx_word' id='word_1_51' title='bbox 1306 941 1473 1009; x_wconf 77' lang='lat' dir='ltr'><strong>ultra</strong></span> <span class='ocrx_word' id='word_1_52' title='bbox 1501 943 1913 1030; x_wconf 83' lang='lat' dir='ltr'>Langobardi</span> <span class='ocrx_word' id='word_1_53' title='bbox 1936 965 2075 1009; x_wconf 92' lang='lat' dir='ltr'><strong>esse</strong></span> <span class='ocrx_word' id='word_1_54' title='bbox 2099 943 2219 1010; x_wconf 88' lang='lat' dir='ltr'><strong>sub</strong></span> <span class='ocrx_word' id='word_1_55' title='bbox 2244 943 2539 1027; x_wconf 88' lang='lat' dir='ltr'><strong>ducibus,</strong></span> 
     </span>
     <span class='ocr_line' id='line_1_8' title="bbox 284 1024 2543 1127; baseline 0.002 -37"><span class='ocrx_word' id='word_1_56' title='bbox 284 1049 504 1127; x_wconf 85' lang='lat' dir='ltr'><strong>regem</strong></span> <span class='ocrx_word' id='word_1_57' title='bbox 548 1024 672 1091; x_wconf 85' lang='lat' dir='ltr'>sibi</span> <span class='ocrx_word' id='word_1_58' title='bbox 701 1026 783 1092; x_wconf 89' lang='lat' dir='ltr'><strong>ad</strong></span> <span class='ocrx_word' id='word_1_59' title='bbox 821 1035 1179 1093; x_wconf 88' lang='lat' dir='ltr'><strong>ceterarum</strong></span> <span class='ocrx_word' id='word_1_60' title='bbox 1206 1028 1408 1091; x_wconf 88' lang='lat' dir='ltr'><strong>instar</strong></span> <span class='ocrx_word' id='word_1_61' title='bbox 1435 1028 1729 1112; x_wconf 88' lang='lat' dir='ltr'><strong>gentium</strong></span> <span class='ocrx_word' id='word_1_62' title='bbox 1759 1036 2131 1093; x_wconf 88' lang='lat' dir='ltr'><strong>statuerunt.</strong></span> <span class='ocrx_word' id='word_1_63' title='bbox 2217 1028 2543 1113; x_wconf 82' lang='lat' dir='ltr'><strong>Regnavit</strong></span> 
     </span>
     <span class='ocr_line' id='line_1_9' title="bbox 286 1107 2542 1198; baseline 0.001 -24"><span class='ocrx_word' id='word_1_64' title='bbox 286 1110 483 1196; x_wconf 75' lang='lat' dir='ltr'><strong>igitur</strong></span> <span class='ocrx_word' id='word_1_65' title='bbox 513 1132 708 1197; x_wconf 90' lang='lat' dir='ltr'><strong>super</strong></span> <span class='ocrx_word' id='word_1_66' title='bbox 735 1131 844 1176; x_wconf 89' lang='lat' dir='ltr'><strong>eos</strong></span> <span class='ocrx_word' id='word_1_67' title='bbox 876 1111 1144 1198; x_wconf 73' lang='lat' dir='ltr'><strong>primusi</strong></span> <span class='ocrx_word' id='word_1_68' title='bbox 1167 1107 1591 1196; x_wconf 69' lang='lat' dir='ltr'><strong>Agelmundk,</strong></span> <span class='ocrx_word' id='word_1_69' title='bbox 1621 1109 1790 1176; x_wconf 88' lang='lat' dir='ltr'><strong>filius</strong></span> <span class='ocrx_word' id='word_1_70' title='bbox 1815 1110 2064 1192; x_wconf 93' lang='lat' dir='ltr'><strong>Aionis,</strong></span> <span class='ocrx_word' id='word_1_71' title='bbox 2096 1133 2180 1176; x_wconf 84' lang='lat' dir='ltr'><strong>ex</strong></span> <span class='ocrx_word' id='word_1_72' title='bbox 2219 1112 2542 1198; x_wconf 89' lang='lat' dir='ltr'><strong>prosapia¹</strong></span> 
     </span>
     <span class='ocr_line' id='line_1_10' title="bbox 283 1193 2544 1284; baseline 0 -25"><span class='ocrx_word' id='word_1_73' title='bbox 283 1193 524 1259; x_wconf 90' lang='lat' dir='ltr'><strong>ducens</strong></span> <span class='ocrx_word' id='word_1_74' title='bbox 580 1195 893 1280; x_wconf 81' lang='lat' dir='ltr'>originem</span> <span class='ocrx_word' id='word_1_75' title='bbox 951 1193 1445 1282; x_wconf 83' lang='lat' dir='ltr'><strong>Gungingorum</strong></span> <span class='ocrx_word' id='word_1_76' title='bbox 1463 1205 1524 1275; x_wconf 80' lang='lat'><strong>¹¹¹,</strong></span> <span class='ocrx_word' id='word_1_77' title='bbox 1589 1216 1754 1284; x_wconf 88' lang='lat' dir='ltr'><strong>quae</strong></span> <span class='ocrx_word' id='word_1_78' title='bbox 1796 1203 1953 1281; x_wconf 90' lang='lat' dir='ltr'><strong>aput</strong></span> <span class='ocrx_word' id='word_1_79' title='bbox 2011 1216 2121 1260; x_wconf 89' lang='lat' dir='ltr'><strong>eos</strong></span> <span class='ocrx_word' id='word_1_80' title='bbox 2172 1195 2544 1281; x_wconf 81' lang='lat' dir='ltr'>generosior</span> 
     </span>
     <span class='ocr_line' id='line_1_11' title="bbox 283 1276 2544 1366; baseline 0.001 -25"><span class='ocrx_word' id='word_1_81' title='bbox 283 1276 664 1343; x_wconf 80' lang='lat' dir='ltr'><strong>habebatur.</strong></span> <span class='ocrx_word' id='word_1_82' title='bbox 751 1277 881 1343; x_wconf 94' lang='lat' dir='ltr'><strong>Hic</strong></span> <span class='ocrx_word' id='word_1_83' title='bbox 947 1279 1113 1343; x_wconf 88' lang='lat' dir='ltr'><strong>sicut</strong></span> <span class='ocrx_word' id='word_1_84' title='bbox 1155 1300 1195 1343; x_wconf 89' lang='lat' dir='ltr'><strong>a</strong></span> <span class='ocrx_word' id='word_1_85' title='bbox 1221 1276 1574 1343; x_wconf 88' lang='lat' dir='ltr'><strong>maioribus</strong></span> <span class='ocrx_word' id='word_1_86' title='bbox 1617 1277 1910 1360; x_wconf 81' lang='lat' dir='ltr'><strong>traditur,</strong></span> <span class='ocrx_word' id='word_1_87' title='bbox 1954 1278 2158 1344; x_wconf 90' lang='lat' dir='ltr'><strong>tribus</strong></span> <span class='ocrx_word' id='word_1_88' title='bbox 2189 1289 2254 1344; x_wconf 92' lang='lat' dir='ltr'><strong>et</strong></span> <span class='ocrx_word' id='word_1_89' title='bbox 2280 1279 2544 1366; x_wconf 86' lang='lat' dir='ltr'><strong>triginta</strong></span> 
     </span>
     <span class='ocr_line' id='line_1_12' title="bbox 281 1327 2270 1427; baseline 0 -1"><span class='ocrx_word' id='word_1_90' title='bbox 281 1361 468 1426; x_wconf 88' lang='lat' dir='ltr'><strong>annis</strong></span> <span class='ocrx_word' id='word_1_91' title='bbox 511 1360 652 1425; x_wconf 91' lang='lat' dir='ltr'><strong>Lan</strong></span> <span class='ocrx_word' id='word_1_92' title='bbox 699 1327 1086 1427; x_wconf 78' lang='lat' dir='ltr'><strong>obardorum</strong></span> <span class='ocrx_word' id='word_1_93' title='bbox 1130 1363 1334 1427; x_wconf 90' lang='lat' dir='ltr'><strong>tenuit</strong></span> <span class='ocrx_word' id='word_1_94' title='bbox 1374 1383 1442 1426; x_wconf 89' lang='lat' dir='ltr'><strong>re</strong></span> <span class='ocrx_word' id='word_1_95' title='bbox 1535 1384 1646 1426; x_wconf 90' lang='lat' dir='ltr'><strong>um</strong></span> <span class='ocrx_word' id='word_1_96' title='bbox 1666 1373 1711 1425; x_wconf 84' lang='lat'><strong>².</strong></span> <span class='ocrx_word' id='word_1_97' title='bbox 2255 1395 2270 1414; x_wconf 88' lang='lat'><strong>·</strong></span> 
     </span>
    </p>

    <p class='ocr_par' dir='ltr' id='par_1_4' title="bbox 279 1383 2543 2368">
     <span class='ocr_line' id='line_1_13' title="bbox 459 1383 2543 1532; baseline 0.001 -23"><span class='ocrx_word' id='word_1_98' title='bbox 459 1445 554 1510; x_wconf 83' lang='lat'><strong>15.</strong></span> <span class='ocrx_word' id='word_1_99' title='bbox 644 1383 767 1509; x_wconf 63' lang='lat' dir='ltr'><strong>fiis</strong></span> <span class='ocrx_word' id='word_1_100' title='bbox 823 1444 1222 1532; x_wconf 82' lang='lat' dir='ltr'><strong>temporibus</strong></span> <span class='ocrx_word' id='word_1_101' title='bbox 1268 1467 1432 1532; x_wconf 89' lang='lat' dir='ltr'><strong>quae</strong></span> <span class='ocrx_word' id='word_1_102' title='bbox 1478 1466 1586 1510; x_wconf 88' lang='lat' dir='ltr'><strong>am</strong></span> <span class='ocrx_word' id='word_1_103' title='bbox 1644 1447 1950 1511; x_wconf 78' lang='lat' dir='ltr'><strong>meretrix</strong></span> <span class='ocrx_word' id='word_1_104' title='bbox 1991 1467 2119 1510; x_wconf 92' lang='lat' dir='ltr'><strong>uno</strong></span> <span class='ocrx_word' id='word_1_105' title='bbox 2211 1451 2355 1510; x_wconf 88' lang='lat' dir='ltr'><strong>artu</strong></span> <span class='ocrx_word' id='word_1_106' title='bbox 2398 1466 2543 1531; x_wconf 88' lang='lat' dir='ltr'><strong>sep·</strong></span> 
     </span>
     <span class='ocr_line' id='line_1_14' title="bbox 281 1526 2539 1615; baseline 0 -21"><span class='ocrx_word' id='word_1_107' title='bbox 281 1537 414 1594; x_wconf 85' lang='lat' dir='ltr'><strong>tem</strong></span> <span class='ocrx_word' id='word_1_108' title='bbox 458 1526 804 1615; x_wconf 87' lang='lat' dir='ltr'><strong>puerulos¹¹</strong></span> <span class='ocrx_word' id='word_1_109' title='bbox 850 1531 1059 1611; x_wconf 81' lang='lat' dir='ltr'><strong>enixa,</strong></span> <span class='ocrx_word' id='word_1_110' title='bbox 1101 1527 1308 1594; x_wconf 87' lang='lat' dir='ltr'><strong>beluis</strong></span> <span class='ocrx_word' id='word_1_111' title='bbox 1354 1528 1653 1594; x_wconf 91' lang='lat' dir='ltr'><strong>omnibus</strong></span> <span class='ocrx_word' id='word_1_112' title='bbox 1702 1539 1908 1595; x_wconf 90' lang='lat' dir='ltr'><strong>mater</strong></span> <span class='ocrx_word' id='word_1_113' title='bbox 1952 1528 2151 1594; x_wconf 88' lang='lat' dir='ltr'><strong>crude</strong></span> <span class='ocrx_word' id='word_1_114' title='bbox 2202 1551 2275 1595; x_wconf 88' lang='lat' dir='ltr'><strong>or</strong></span> <span class='ocrx_word' id='word_1_115' title='bbox 2319 1528 2388 1592; x_wconf 91' lang='lat' dir='ltr'><strong>in</strong></span> <span class='ocrx_word' id='word_1_116' title='bbox 2442 1530 2539 1615; x_wconf 91' lang='lat' dir='ltr'><strong>pi-</strong></span> 
     </span>
     <span class='ocr_line' id='line_1_15' title="bbox 283 1611 2536 1699; baseline 0 -22"><span class='ocrx_word' id='word_1_117' title='bbox 283 1612 549 1677; x_wconf 89' lang='lat' dir='ltr'><strong>scinam·</strong></span> <span class='ocrx_word' id='word_1_118' title='bbox 622 1613 887 1677; x_wconf 88' lang='lat' dir='ltr'><strong>roiecit⁰</strong></span> <span class='ocrx_word' id='word_1_119' title='bbox 920 1611 1248 1698; x_wconf 86' lang='lat' dir='ltr'><strong>negandos</strong></span> <span class='ocrx_word' id='word_1_120' title='bbox 1264 1623 1314 1675; x_wconf 71' lang='grc' dir='ltr'><strong>Ρ.</strong></span> <span class='ocrx_word' id='word_1_121' title='bbox 1414 1612 1564 1677; x_wconf 94' lang='lat' dir='ltr'><strong>Hoc</strong></span> <span class='ocrx_word' id='word_1_122' title='bbox 1592 1613 1647 1677; x_wconf 90' lang='lat' dir='ltr'><strong>si</strong></span> <span class='ocrx_word' id='word_1_123' title='bbox 1692 1614 1798 1677; x_wconf 90' lang='lat' dir='ltr'><strong>cui</strong></span> <span class='ocrx_word' id='word_1_124' title='bbox 1839 1612 2216 1699; x_wconf 89' lang='lat' dir='ltr'><strong>inpossibile</strong></span> <span class='ocrx_word' id='word_1_125' title='bbox 2260 1611 2536 1695; x_wconf 86' lang='lat' dir='ltr'><strong>videtur,</strong></span> 
     </span>
     <span class='ocr_line' id='line_1_16' title="bbox 281 1694 2540 1782; baseline 0.001 -22"><span class='ocrx_word' id='word_1_126' title='bbox 281 1694 529 1781; x_wconf 89' lang='lat' dir='ltr'><strong>relegat</strong></span> <span class='ocrx_word' id='word_1_127' title='bbox 645 1696 896 1762; x_wconf 88' lang='lat' dir='ltr'><strong>istorias</strong></span> <span class='ocrx_word' id='word_1_128' title='bbox 960 1705 1272 1779; x_wconf 91' lang='lat' dir='ltr'><strong>veterum,</strong></span> <span class='ocrx_word' id='word_1_129' title='bbox 1340 1704 1404 1761; x_wconf 90' lang='lat' dir='ltr'><strong>et</strong></span> <span class='ocrx_word' id='word_1_130' title='bbox 1473 1697 1773 1778; x_wconf 88' lang='lat' dir='ltr'><strong>inveniet,</strong></span> <span class='ocrx_word' id='word_1_131' title='bbox 1830 1718 1961 1761; x_wconf 93' lang='lat' dir='ltr'><strong>non</strong></span> <span class='ocrx_word' id='word_1_132' title='bbox 2024 1695 2232 1762; x_wconf 91' lang='lat' dir='ltr'><strong>solum</strong></span> <span class='ocrx_word' id='word_1_133' title='bbox 2290 1705 2540 1782; x_wconf 82' lang='lat' dir='ltr'><strong>septem</strong></span> 
     </span>
     <span class='ocr_line' id='line_1_17' title="bbox 281 1777 2540 1880; baseline 0.001 -37"><span class='ocrx_word' id='word_1_134' title='bbox 281 1777 629 1845; x_wconf 77' lang='lat' dir='ltr'><strong>infantulos</strong></span> <span class='ocrx_word' id='word_1_135' title='bbox 647 1791 696 1861; x_wconf 76' lang='lat'><strong>¹¹,</strong></span> <span class='ocrx_word' id='word_1_136' title='bbox 753 1778 868 1845; x_wconf 92' lang='lat' dir='ltr'><strong>sed</strong></span> <span class='ocrx_word' id='word_1_137' title='bbox 925 1782 1119 1845; x_wconf 89' lang='lat' dir='ltr'><strong>etiam</strong></span> <span class='ocrx_word' id='word_1_138' title='bbox 1169 1801 1401 1845; x_wconf 86' lang='lat' dir='ltr'><strong>novem</strong></span> <span class='ocrx_word' id='word_1_139' title='bbox 1455 1801 1651 1845; x_wconf 93' lang='lat' dir='ltr'><strong>unam</strong></span> <span class='ocrx_word' id='word_1_140' title='bbox 1667 1791 1692 1823; x_wconf 79' lang='lat'><strong>¹·</strong></span> <span class='ocrx_word' id='word_1_141' title='bbox 1746 1779 2082 1846; x_wconf 90' lang='lat' dir='ltr'><strong>mulierem</strong></span> <span class='ocrx_word' id='word_1_142' title='bbox 2134 1778 2332 1845; x_wconf 92' lang='lat' dir='ltr'><strong>semel</strong></span> <span class='ocrx_word' id='word_1_143' title='bbox 2349 1791 2371 1823; x_wconf 81' lang='lat'>⁸</span> <span class='ocrx_word' id='word_1_144' title='bbox 2429 1802 2540 1880; x_wconf 81' lang='lat' dir='ltr'><strong>pe-</strong></span> 
     </span>
     <span class='ocr_line' id='line_1_18' title="bbox 280 1861 2538 1950; baseline 0 -22"><span class='ocrx_word' id='word_1_145' title='bbox 280 1864 545 1949; x_wconf 87' lang='lat' dir='ltr'><strong>perisse.</strong></span> <span class='ocrx_word' id='word_1_146' title='bbox 629 1863 719 1928; x_wconf 87' lang='lat' dir='ltr'><strong>Et</strong></span> <span class='ocrx_word' id='word_1_147' title='bbox 769 1861 892 1928; x_wconf 95' lang='lat' dir='ltr'><strong>hoc</strong></span> <span class='ocrx_word' id='word_1_148' title='bbox 946 1872 1190 1928; x_wconf 91' lang='lat' dir='ltr'><strong>certum</strong></span> <span class='ocrx_word' id='word_1_149' title='bbox 1248 1873 1349 1929; x_wconf 89' lang='lat' dir='ltr'><strong>est</strong></span> <span class='ocrx_word' id='word_1_150' title='bbox 1391 1864 1673 1929; x_wconf 79' lang='lat' dir='ltr'><strong>maxime</strong></span> <span class='ocrx_word' id='word_1_151' title='bbox 1729 1872 1887 1949; x_wconf 91' lang='lat' dir='ltr'><strong>aput</strong></span> <span class='ocrx_word' id='word_1_152' title='bbox 1926 1864 2286 1950; x_wconf 84' lang='lat' dir='ltr'><strong>Aegyptios</strong></span> <span class='ocrx_word' id='word_1_153' title='bbox 2328 1862 2469 1929; x_wconf 77' lang='lat' dir='ltr'><strong>fieri</strong></span> <span class='ocrx_word' id='word_1_154' title='bbox 2491 1872 2538 1928; x_wconf 79' lang='lat'><strong>⁸.</strong></span> 
     </span>
     <span class='ocr_line' id='line_1_19' title="bbox 280 1946 2532 2033; baseline -0 -20"><span class='ocrx_word' id='word_1_155' title='bbox 280 1953 305 1980; x_wconf 64' lang='lat'><strong>&#39;⁶</strong></span> <span class='ocrx_word' id='word_1_156' title='bbox 325 1946 617 2032; x_wconf 80' lang='lat' dir='ltr'><strong>Contigit</strong></span> <span class='ocrx_word' id='word_1_157' title='bbox 658 1947 902 2033; x_wconf 87' lang='lat' dir='ltr'><strong>itaque,</strong></span> <span class='ocrx_word' id='word_1_158' title='bbox 959 1956 1031 2012; x_wconf 94' lang='lat' dir='ltr'><strong>ut</strong></span> <span class='ocrx_word' id='word_1_159' title='bbox 1070 1969 1190 2012; x_wconf 81' lang='lat' dir='ltr'><strong>rex</strong></span> <span class='ocrx_word' id='word_1_160' title='bbox 1231 1946 1600 2033; x_wconf 88' lang='lat' dir='ltr'><strong>Agelmund</strong></span> <span class='ocrx_word' id='word_1_161' title='bbox 1613 1995 1631 2031; x_wconf 91' lang='lat'><strong>,</strong></span> <span class='ocrx_word' id='word_1_162' title='bbox 1685 1946 1840 2012; x_wconf 93' lang='lat' dir='ltr'><strong>dum</strong></span> <span class='ocrx_word' id='word_1_163' title='bbox 1881 1948 2003 2014; x_wconf 87' lang='lat' dir='ltr'><strong>iter</strong></span> <span class='ocrx_word' id='word_1_164' title='bbox 2045 1957 2362 2033; x_wconf 85' lang='lat' dir='ltr'><strong>carperet,</strong></span> <span class='ocrx_word' id='word_1_165' title='bbox 2415 1946 2532 2012; x_wconf 74' lang='lat' dir='ltr'><strong>adt</strong></span> 
     </span>
     <span class='ocr_line' id='line_1_20' title="bbox 282 2029 2529 2117; baseline -0.002 -19"><span class='ocrx_word' id='word_1_166' title='bbox 282 2031 553 2098; x_wconf 90' lang='lat' dir='ltr'><strong>eandem</strong></span> <span class='ocrx_word' id='word_1_167' title='bbox 607 2030 923 2117; x_wconf 85' lang='lat' dir='ltr'><strong>piscinam</strong></span> <span class='ocrx_word' id='word_1_168' title='bbox 981 2029 1328 2096; x_wconf 84' lang='lat' dir='ltr'><strong>deveniret.</strong></span> <span class='ocrx_word' id='word_1_169' title='bbox 1428 2030 1558 2112; x_wconf 79' lang='lat' dir='ltr'><strong>Qui</strong></span> <span class='ocrx_word' id='word_1_170' title='bbox 1610 2052 1758 2095; x_wconf 90' lang='lat' dir='ltr'><strong>cum</strong></span> <span class='ocrx_word' id='word_1_171' title='bbox 1815 2052 1981 2116; x_wconf 93' lang='lat' dir='ltr'><strong>equo</strong></span> <span class='ocrx_word' id='word_1_172' title='bbox 2034 2039 2280 2097; x_wconf 91' lang='lat' dir='ltr'><strong>retento</strong></span> <span class='ocrx_word' id='word_1_173' title='bbox 2341 2030 2529 2094; x_wconf 90' lang='lat' dir='ltr'><strong>mise-</strong></span> 
     </span>
     <span class='ocr_line' id='line_1_21' title="bbox 279 2112 2530 2201; baseline -0.001 -21"><span class='ocrx_word' id='word_1_174' title='bbox 279 2114 519 2180; x_wconf 89' lang='lat' dir='ltr'><strong>randos</strong></span> <span class='ocrx_word' id='word_1_175' title='bbox 569 2112 914 2179; x_wconf 85' lang='lat' dir='ltr'><strong>infantulos</strong></span> <span class='ocrx_word' id='word_1_176' title='bbox 981 2114 1321 2180; x_wconf 88' lang='lat' dir='ltr'><strong>miraretur</strong></span> <span class='ocrx_word' id='word_1_177' title='bbox 1371 2112 1700 2201; x_wconf 89' lang='lat' dir='ltr'><strong>hastaque,</strong></span> <span class='ocrx_word' id='word_1_178' title='bbox 1761 2135 1892 2199; x_wconf 88' lang='lat' dir='ltr'><strong>qua</strong></span> <span class='ocrx_word' id='word_1_179' title='bbox 1906 2124 1933 2156; x_wconf 80' lang='lat'><strong>¹¹</strong></span> <span class='ocrx_word' id='word_1_180' title='bbox 1991 2135 2185 2178; x_wconf 89' lang='lat' dir='ltr'><strong>manu</strong></span> <span class='ocrx_word' id='word_1_181' title='bbox 2245 2112 2530 2200; x_wconf 86' lang='lat' dir='ltr'><strong>gerebat,</strong></span> 
     </span>
     <span class='ocr_line' id='line_1_22' title="bbox 280 2196 2531 2284; baseline -0.002 -20"><span class='ocrx_word' id='word_1_182' title='bbox 280 2198 409 2264; x_wconf 94' lang='lat' dir='ltr'><strong>huc</strong></span> <span class='ocrx_word' id='word_1_183' title='bbox 439 2196 716 2284; x_wconf 88' lang='lat' dir='ltr'><strong>illucque</strong></span> <span class='ocrx_word' id='word_1_184' title='bbox 747 2219 857 2264; x_wconf 92' lang='lat' dir='ltr'><strong>eos</strong></span> <span class='ocrx_word' id='word_1_185' title='bbox 886 2197 1245 2280; x_wconf 85' lang='lat' dir='ltr'><strong>inverteret,</strong></span> <span class='ocrx_word' id='word_1_186' title='bbox 1291 2219 1458 2262; x_wconf 92' lang='lat' dir='ltr'><strong>unus</strong></span> <span class='ocrx_word' id='word_1_187' title='bbox 1488 2219 1572 2262; x_wconf 85' lang='lat' dir='ltr'><strong>ex</strong></span> <span class='ocrx_word' id='word_1_188' title='bbox 1601 2196 1724 2262; x_wconf 91' lang='lat' dir='ltr'><strong>illis</strong></span> <span class='ocrx_word' id='word_1_189' title='bbox 1754 2198 1988 2262; x_wconf 88' lang='lat' dir='ltr'><strong>iniecta</strong></span> <span class='ocrx_word' id='word_1_190' title='bbox 2015 2209 2251 2262; x_wconf 66' lang='lat' dir='ltr'><strong>manuv</strong></span> <span class='ocrx_word' id='word_1_191' title='bbox 2280 2197 2531 2261; x_wconf 89' lang='lat' dir='ltr'><strong>hastam</strong></span> 
     </span>
     <span class='ocr_line' id='line_1_23' title="bbox 280 2279 2530 2368; baseline -0.001 -19"><span class='ocrx_word' id='word_1_192' title='bbox 280 2282 526 2367; x_wconf 88' lang='lat' dir='ltr'><strong>regiam</strong></span> <span class='ocrx_word' id='word_1_193' title='bbox 577 2279 1053 2368; x_wconf 86' lang='lat' dir='ltr'><strong>conprehendit.</strong></span> <span class='ocrx_word' id='word_1_194' title='bbox 1167 2282 1312 2347; x_wconf 82' lang='lat' dir='ltr'><strong>Rex</strong></span> <span class='ocrx_word' id='word_1_195' title='bbox 1374 2280 1817 2346; x_wconf 88' lang='lat' dir='ltr'><strong>misericordia</strong></span> <span class='ocrx_word' id='word_1_196' title='bbox 1888 2289 2099 2345; x_wconf 87' lang='lat' dir='ltr'><strong>motus</strong></span> <span class='ocrx_word' id='word_1_197' title='bbox 2160 2280 2530 2367; x_wconf 87' lang='lat' dir='ltr'><strong>factumque</strong></span> 
     </span>
    </p>
   </div>
   <div class='ocr_carea' id='block_1_3' title="bbox 281 2444 2545 3615">
    <p class='ocr_par' dir='ltr' id='par_1_5' title="bbox 281 2444 2545 3615">
     <span class='ocr_line' id='line_1_24' title="bbox 282 2444 2528 2501; baseline -0.001 -10"><span class='ocrx_word' id='word_1_198' title='bbox 282 2447 329 2501; x_wconf 79' lang='lat' dir='ltr'><strong>a)</strong></span> <span class='ocrx_word' id='word_1_199' title='bbox 362 2448 694 2499; x_wconf 69' lang='lat' dir='ltr'><strong>vurgundahib</strong></span> <span class='ocrx_word' id='word_1_200' title='bbox 726 2447 769 2488; x_wconf 97' lang='lat' dir='ltr'><strong>A</strong></span> <span class='ocrx_word' id='word_1_201' title='bbox 801 2447 842 2490; x_wconf 84' lang='lat'><strong>5.</strong></span> <span class='ocrx_word' id='word_1_202' title='bbox 875 2449 899 2488; x_wconf 95' lang='lat'>1</span> <span class='ocrx_word' id='word_1_203' title='bbox 934 2450 983 2497; x_wconf 72' lang='grc' dir='ltr'><strong>ις</strong></span> <span class='ocrx_word' id='word_1_204' title='bbox 1033 2446 1406 2499; x_wconf 67' lang='lat' dir='ltr'><strong>vurgundaybus</strong></span> <span class='ocrx_word' id='word_1_205' title='bbox 1453 2446 1494 2487; x_wconf 87' lang='lat' dir='ltr'><strong>A</strong></span> <span class='ocrx_word' id='word_1_206' title='bbox 1530 2444 1592 2488; x_wconf 77' lang='lat'><strong>·3.</strong></span> <span class='ocrx_word' id='word_1_207' title='bbox 1628 2447 1677 2496; x_wconf 77' lang='lat'><strong>⁷3</strong></span> <span class='ocrx_word' id='word_1_208' title='bbox 1720 2446 2012 2496; x_wconf 67' lang='lat' dir='ltr'><strong>Vurssurdaib</strong></span> <span class='ocrx_word' id='word_1_209' title='bbox 2053 2448 2095 2487; x_wconf 90' lang='lat' dir='ltr'>D</span> <span class='ocrx_word' id='word_1_210' title='bbox 2129 2448 2185 2496; x_wconf 81' lang='lat'><strong>83</strong></span> <span class='ocrx_word' id='word_1_211' title='bbox 2226 2445 2528 2496; x_wconf 74' lang='lat' dir='ltr'><strong>Vurssandaib</strong></span> 
     </span>
     <span class='ocr_line' id='line_1_25' title="bbox 281 2505 2532 2557; baseline -0.001 -9"><span class='ocrx_word' id='word_1_212' title='bbox 281 2508 326 2548; x_wconf 83' lang='grc' dir='ltr'><strong>Η</strong></span> <span class='ocrx_word' id='word_1_213' title='bbox 359 2507 441 2557; x_wconf 75' lang='lat' dir='ltr'><strong>5a3</strong></span> <span class='ocrx_word' id='word_1_214' title='bbox 483 2508 771 2557; x_wconf 72' lang='lat' dir='ltr'><strong>virgundaib</strong></span> <span class='ocrx_word' id='word_1_215' title='bbox 804 2507 838 2548; x_wconf 88' lang='lat' dir='ltr'>C</span> <span class='ocrx_word' id='word_1_216' title='bbox 871 2507 926 2556; x_wconf 80' lang='lat'><strong>83</strong></span> <span class='ocrx_word' id='word_1_217' title='bbox 974 2506 1276 2556; x_wconf 70' lang='lat' dir='ltr'><strong>Wirgundaib</strong></span> <span class='ocrx_word' id='word_1_218' title='bbox 1310 2506 1345 2548; x_wconf 83' lang='grc' dir='ltr'>Ο</span> <span class='ocrx_word' id='word_1_219' title='bbox 1379 2507 1428 2555; x_wconf 84' lang='grc'><strong>2;</strong></span> <span class='ocrx_word' id='word_1_220' title='bbox 1478 2506 1764 2556; x_wconf 73' lang='lat' dir='ltr'><strong>Virgandaib</strong></span> <span class='ocrx_word' id='word_1_221' title='bbox 1795 2506 1832 2545; x_wconf 72' lang='lat'><strong>1⁴*</strong></span> <span class='ocrx_word' id='word_1_222' title='bbox 1863 2505 1915 2555; x_wconf 70' lang='grc' dir='ltr'><strong>ὃς</strong></span> <span class='ocrx_word' id='word_1_223' title='bbox 1963 2506 2216 2554; x_wconf 68' lang='lat' dir='ltr'><strong>Virgudaib</strong></span> <span class='ocrx_word' id='word_1_224' title='bbox 2249 2506 2291 2545; x_wconf 88' lang='lat' dir='ltr'>D</span> <span class='ocrx_word' id='word_1_225' title='bbox 2326 2507 2376 2554; x_wconf 76' lang='lat'><strong>23</strong></span> <span class='ocrx_word' id='word_1_226' title='bbox 2419 2506 2532 2547; x_wconf 77' lang='lat' dir='ltr'><strong>vur-</strong></span> 
     </span>
     <span class='ocr_line' id='line_1_26' title="bbox 283 2564 2530 2614; baseline -0.001 -7"><span class='ocrx_word' id='word_1_227' title='bbox 283 2566 501 2607; x_wconf 83' lang='lat' dir='ltr'><strong>conthaib</strong></span> <span class='ocrx_word' id='word_1_228' title='bbox 545 2567 583 2607; x_wconf 99' lang='grc' dir='ltr'>Β</span> <span class='ocrx_word' id='word_1_229' title='bbox 619 2568 661 2608; x_wconf 92' lang='grc'><strong>1.</strong></span> <span class='ocrx_word' id='word_1_230' title='bbox 693 2568 735 2608; x_wconf 90' lang='grc'><strong>2.</strong></span> <span class='ocrx_word' id='word_1_231' title='bbox 767 2567 791 2606; x_wconf 89' lang='grc' dir='ltr'>Ι</span> <span class='ocrx_word' id='word_1_232' title='bbox 823 2566 873 2614; x_wconf 89' lang='lat'><strong>8;</strong></span> <span class='ocrx_word' id='word_1_233' title='bbox 922 2564 1235 2606; x_wconf 84' lang='lat' dir='ltr'><strong>Gurconthaib</strong></span> <span class='ocrx_word' id='word_1_234' title='bbox 1275 2566 1313 2606; x_wconf 99' lang='grc' dir='ltr'>Β</span> <span class='ocrx_word' id='word_1_235' title='bbox 1346 2565 1399 2613; x_wconf 80' lang='lat'><strong>43</strong></span> <span class='ocrx_word' id='word_1_236' title='bbox 1446 2564 1834 2614; x_wconf 68' lang='lat' dir='ltr'><strong>Vurgundahiber</strong></span> <span class='ocrx_word' id='word_1_237' title='bbox 1880 2565 1921 2605; x_wconf 93' lang='lat' dir='ltr'><strong>A</strong></span> <span class='ocrx_word' id='word_1_238' title='bbox 1951 2564 2033 2614; x_wconf 71' lang='lat' dir='ltr'><strong>5b3</strong></span> <span class='ocrx_word' id='word_1_239' title='bbox 2078 2564 2382 2614; x_wconf 73' lang='lat' dir='ltr'><strong>Burgundaib</strong></span> <span class='ocrx_word' id='word_1_240' title='bbox 2413 2565 2452 2606; x_wconf 78' lang='lat' dir='ltr'><strong>E</strong></span> <span class='ocrx_word' id='word_1_241' title='bbox 2489 2565 2530 2605; x_wconf 85' lang='lat'><strong>1.</strong></span> 
     </span>
     <span class='ocr_line' id='line_1_27' title="bbox 285 2621 2530 2674; baseline -0.001 -8"><span class='ocrx_word' id='word_1_242' title='bbox 285 2624 327 2666; x_wconf 90' lang='lat' dir='ltr'>G</span> <span class='ocrx_word' id='word_1_243' title='bbox 358 2627 402 2666; x_wconf 87' lang='lat'><strong>1.</strong></span> <span class='ocrx_word' id='word_1_244' title='bbox 436 2627 476 2667; x_wconf 87' lang='grc'><strong>2.</strong></span> <span class='ocrx_word' id='word_1_245' title='bbox 509 2621 575 2666; x_wconf 75' lang='grc'><strong>’5.</strong></span> <span class='ocrx_word' id='word_1_246' title='bbox 607 2624 678 2667; x_wconf 69' lang='lat' dir='ltr'><strong>Ba.</strong></span> <span class='ocrx_word' id='word_1_247' title='bbox 714 2625 754 2665; x_wconf 80' lang='grc'><strong>7.</strong></span> <span class='ocrx_word' id='word_1_248' title='bbox 787 2626 810 2666; x_wconf 90' lang='lat'>1</span> <span class='ocrx_word' id='word_1_249' title='bbox 843 2625 886 2664; x_wconf 91' lang='grc'><strong>2.</strong></span> <span class='ocrx_word' id='word_1_250' title='bbox 918 2624 981 2674; x_wconf 67' lang='lat'><strong>123</strong></span> <span class='ocrx_word' id='word_1_251' title='bbox 1021 2623 1319 2673; x_wconf 69' lang='lat' dir='ltr'><strong>Burssandaib</strong></span> <span class='ocrx_word' id='word_1_252' title='bbox 1351 2624 1388 2663; x_wconf 71' lang='lat'><strong>1³</strong></span> <span class='ocrx_word' id='word_1_253' title='bbox 1423 2625 1472 2673; x_wconf 83' lang='lat'><strong>13</strong></span> <span class='ocrx_word' id='word_1_254' title='bbox 1515 2624 1851 2674; x_wconf 70' lang='lat' dir='ltr'><strong>Burgundahib</strong></span> <span class='ocrx_word' id='word_1_255' title='bbox 1887 2624 1928 2666; x_wconf 99' lang='lat' dir='ltr'>G</span> <span class='ocrx_word' id='word_1_256' title='bbox 1958 2625 2010 2672; x_wconf 78' lang='lat'><strong>83</strong></span> <span class='ocrx_word' id='word_1_257' title='bbox 2051 2623 2372 2673; x_wconf 72' lang='lat' dir='ltr'><strong>Burgindahib</strong></span> <span class='ocrx_word' id='word_1_258' title='bbox 2406 2622 2449 2664; x_wconf 93' lang='lat' dir='ltr'>G</span> <span class='ocrx_word' id='word_1_259' title='bbox 2477 2623 2530 2672; x_wconf 61' lang='grc' dir='ltr'><strong>ις</strong></span> 
     </span>
     <span class='ocr_line' id='line_1_28' title="bbox 282 2678 2531 2733; baseline -0.001 -9"><span class='ocrx_word' id='word_1_260' title='bbox 282 2683 602 2733; x_wconf 73' lang='lat' dir='ltr'><strong>Burgaindaib</strong></span> <span class='ocrx_word' id='word_1_261' title='bbox 636 2682 678 2724; x_wconf 98' lang='lat' dir='ltr'>G</span> <span class='ocrx_word' id='word_1_262' title='bbox 709 2683 785 2733; x_wconf 61' lang='grc' dir='ltr'><strong>δοῖ</strong></span> <span class='ocrx_word' id='word_1_263' title='bbox 816 2682 1103 2732; x_wconf 73' lang='lat' dir='ltr'><strong>Bugamdaib</strong></span> <span class='ocrx_word' id='word_1_264' title='bbox 1138 2681 1179 2723; x_wconf 92' lang='lat' dir='ltr'>G</span> <span class='ocrx_word' id='word_1_265' title='bbox 1210 2683 1292 2732; x_wconf 80' lang='lat' dir='ltr'><strong>5b3</strong></span> <span class='ocrx_word' id='word_1_266' title='bbox 1322 2682 1683 2731; x_wconf 67' lang='lat' dir='ltr'><strong>Burgundaibus</strong></span> <span class='ocrx_word' id='word_1_267' title='bbox 1714 2683 1751 2722; x_wconf 76' lang='lat' dir='ltr'><strong>F</strong></span> <span class='ocrx_word' id='word_1_268' title='bbox 1782 2684 1834 2732; x_wconf 75' lang='lat'><strong>43</strong></span> <span class='ocrx_word' id='word_1_269' title='bbox 1866 2682 2220 2733; x_wconf 70' lang='lat' dir='ltr'><strong>Buroeandaibos</strong></span> <span class='ocrx_word' id='word_1_270' title='bbox 2249 2682 2287 2723; x_wconf 70' lang='grc' dir='ltr'><strong>Ρ</strong></span> <span class='ocrx_word' id='word_1_271' title='bbox 2319 2678 2389 2732; x_wconf 75' lang='lat'><strong>‘23</strong></span> <span class='ocrx_word' id='word_1_272' title='bbox 2419 2681 2531 2722; x_wconf 84' lang='lat' dir='ltr'><strong>Pur-</strong></span> 
     </span>
     <span class='ocr_line' id='line_1_29' title="bbox 283 2739 2532 2793; baseline -0.001 -10"><span class='ocrx_word' id='word_1_273' title='bbox 283 2742 540 2792; x_wconf 73' lang='lat' dir='ltr'><strong>gandaibos</strong></span> <span class='ocrx_word' id='word_1_274' title='bbox 572 2744 607 2782; x_wconf 72' lang='lat' dir='ltr'><strong>F</strong></span> <span class='ocrx_word' id='word_1_275' title='bbox 641 2742 684 2784; x_wconf 92' lang='grc'><strong>2.</strong></span> <span class='ocrx_word' id='word_1_276' title='bbox 805 2739 852 2793; x_wconf 88' lang='lat' dir='ltr'><strong>b)</strong></span> <span class='ocrx_word' id='word_1_277' title='bbox 886 2752 931 2792; x_wconf 82' lang='lat' dir='ltr'><strong>p.</strong></span> <span class='ocrx_word' id='word_1_278' title='bbox 965 2752 1008 2782; x_wconf 85' lang='lat' dir='ltr'><strong>a.</strong></span> <span class='ocrx_word' id='word_1_279' title='bbox 1041 2751 1084 2787; x_wconf 85' lang='lat' dir='ltr'><strong>a.</strong></span> <span class='ocrx_word' id='word_1_280' title='bbox 1115 2742 1201 2782; x_wconf 78' lang='lat' dir='ltr'><strong>des.</strong></span> <span class='ocrx_word' id='word_1_281' title='bbox 1233 2743 1272 2782; x_wconf 87' lang='grc' dir='ltr'>Β</span> <span class='ocrx_word' id='word_1_282' title='bbox 1307 2742 1347 2784; x_wconf 87' lang='grc'><strong>1.</strong></span> <span class='ocrx_word' id='word_1_283' title='bbox 1479 2739 1521 2793; x_wconf 88' lang='lat' dir='ltr'><strong>c)</strong></span> <span class='ocrx_word' id='word_1_284' title='bbox 1554 2742 1619 2781; x_wconf 69' lang='lat' dir='ltr'><strong>ita</strong></span> <span class='ocrx_word' id='word_1_285' title='bbox 1647 2740 1690 2781; x_wconf 96' lang='lat' dir='ltr'><strong>A</strong></span> <span class='ocrx_word' id='word_1_286' title='bbox 1722 2742 1774 2791; x_wconf 77' lang='lat'><strong>13</strong></span> <span class='ocrx_word' id='word_1_287' title='bbox 1805 2743 2087 2792; x_wconf 74' lang='lat' dir='ltr'><strong>possedisset</strong></span> <span class='ocrx_word' id='word_1_288' title='bbox 2116 2741 2154 2781; x_wconf 81' lang='grc' dir='ltr'><strong>Ε</strong></span> <span class='ocrx_word' id='word_1_289' title='bbox 2189 2742 2237 2790; x_wconf 76' lang='lat'><strong>13</strong></span> <span class='ocrx_word' id='word_1_290' title='bbox 2267 2740 2532 2791; x_wconf 84' lang='lat' dir='ltr'><strong>possedisse</strong></span> 
     </span>
     <span class='ocr_line' id='line_1_30' title="bbox 281 2798 2533 2853; baseline -0.001 -11"><span class='ocrx_word' id='word_1_291' title='bbox 281 2801 426 2843; x_wconf 71' lang='lat' dir='ltr'><strong>ceteri.</strong></span> <span class='ocrx_word' id='word_1_292' title='bbox 577 2798 627 2853; x_wconf 89' lang='lat' dir='ltr'><strong>d)</strong></span> <span class='ocrx_word' id='word_1_293' title='bbox 657 2811 944 2851; x_wconf 73' lang='lat' dir='ltr'><strong>paganorum</strong></span> <span class='ocrx_word' id='word_1_294' title='bbox 989 2801 1031 2840; x_wconf 89' lang='lat' dir='ltr'>D</span> <span class='ocrx_word' id='word_1_295' title='bbox 1065 2801 1107 2843; x_wconf 90' lang='grc'><strong>2.</strong></span> <span class='ocrx_word' id='word_1_296' title='bbox 1140 2800 1183 2844; x_wconf 82' lang='lat'><strong>8.</strong></span> <span class='ocrx_word' id='word_1_297' title='bbox 1217 2799 1259 2841; x_wconf 96' lang='lat' dir='ltr'>G</span> <span class='ocrx_word' id='word_1_298' title='bbox 1291 2800 1362 2841; x_wconf 88' lang='lat' dir='ltr'><strong>8a.</strong></span> <span class='ocrx_word' id='word_1_299' title='bbox 1394 2799 1418 2838; x_wconf 93' lang='lat'>1</span> <span class='ocrx_word' id='word_1_300' title='bbox 1451 2802 1493 2842; x_wconf 88' lang='lat'><strong>1.</strong></span> <span class='ocrx_word' id='word_1_301' title='bbox 1635 2798 1680 2852; x_wconf 84' lang='lat' dir='ltr'><strong>e)</strong></span> <span class='ocrx_word' id='word_1_302' title='bbox 1722 2804 1928 2842; x_wconf 82' lang='lat' dir='ltr'><strong>mortuus</strong></span> <span class='ocrx_word' id='word_1_303' title='bbox 1969 2801 2011 2842; x_wconf 89' lang='lat' dir='ltr'><strong>A</strong></span> <span class='ocrx_word' id='word_1_304' title='bbox 2045 2802 2086 2844; x_wconf 90' lang='lat'><strong>1.</strong></span> <span class='ocrx_word' id='word_1_305' title='bbox 2117 2801 2157 2841; x_wconf 75' lang='lat' dir='ltr'>B</span> <span class='ocrx_word' id='word_1_306' title='bbox 2191 2803 2231 2841; x_wconf 86' lang='lat'><strong>1.</strong></span> <span class='ocrx_word' id='word_1_307' title='bbox 2263 2800 2300 2840; x_wconf 80' lang='lat' dir='ltr'>P</span> <span class='ocrx_word' id='word_1_308' title='bbox 2335 2802 2374 2842; x_wconf 89' lang='grc'><strong>1.</strong></span> <span class='ocrx_word' id='word_1_309' title='bbox 2407 2798 2449 2840; x_wconf 90' lang='lat' dir='ltr'>G</span> <span class='ocrx_word' id='word_1_310' title='bbox 2480 2799 2533 2849; x_wconf 80' lang='lat'><strong>83</strong></span> 
     </span>
     <span class='ocr_line' id='line_1_31' title="bbox 284 2856 2535 2910; baseline -0 -8"><span class='ocrx_word' id='word_1_311' title='bbox 284 2863 489 2901; x_wconf 85' lang='lat' dir='ltr'><strong>mortuos</strong></span> <span class='ocrx_word' id='word_1_312' title='bbox 519 2858 562 2899; x_wconf 96' lang='lat' dir='ltr'>A</span> <span class='ocrx_word' id='word_1_313' title='bbox 593 2856 657 2901; x_wconf 75' lang='grc'><strong>’2.</strong></span> <span class='ocrx_word' id='word_1_314' title='bbox 789 2858 825 2910; x_wconf 75' lang='lat' dir='ltr'><strong>f)</strong></span> <span class='ocrx_word' id='word_1_315' title='bbox 857 2858 1153 2908; x_wconf 68' lang='lat' dir='ltr'><strong>Langobardi</strong></span> <span class='ocrx_word' id='word_1_316' title='bbox 1181 2860 1221 2900; x_wconf 77' lang='grc' dir='ltr'>Β</span> <span class='ocrx_word' id='word_1_317' title='bbox 1256 2860 1305 2909; x_wconf 76' lang='lat'><strong>13</strong></span> <span class='ocrx_word' id='word_1_318' title='bbox 1350 2857 1669 2908; x_wconf 72' lang='lat' dir='ltr'><strong>Langobardi·</strong></span> <span class='ocrx_word' id='word_1_319' title='bbox 1700 2859 1736 2899; x_wconf 68' lang='grc' dir='ltr'><strong>Β·</strong></span> <span class='ocrx_word' id='word_1_320' title='bbox 1769 2861 1810 2899; x_wconf 90' lang='grc'><strong>1.</strong></span> <span class='ocrx_word' id='word_1_321' title='bbox 1846 2859 1887 2901; x_wconf 98' lang='lat' dir='ltr'>G</span> <span class='ocrx_word' id='word_1_322' title='bbox 1919 2861 1961 2904; x_wconf 85' lang='lat'><strong>1.</strong></span> <span class='ocrx_word' id='word_1_323' title='bbox 1994 2860 2035 2901; x_wconf 89' lang='lat'><strong>8.</strong></span> <span class='ocrx_word' id='word_1_324' title='bbox 2068 2860 2113 2901; x_wconf 76' lang='lat'><strong>4.</strong></span> <span class='ocrx_word' id='word_1_325' title='bbox 2234 2856 2281 2909; x_wconf 71' lang='grc' dir='ltr'><strong>κ)</strong></span> <span class='ocrx_word' id='word_1_326' title='bbox 2316 2857 2535 2901; x_wconf 78' lang='lat' dir='ltr'><strong>Scandin.</strong></span> 
     </span>
     <span class='ocr_line' id='line_1_32' title="bbox 282 2915 2534 2972; baseline -0.001 -12"><span class='ocrx_word' id='word_1_327' title='bbox 282 2919 322 2960; x_wconf 87' lang='lat' dir='ltr'><strong>B</strong></span> <span class='ocrx_word' id='word_1_328' title='bbox 356 2920 400 2972; x_wconf 86' lang='lat'><strong>1,</strong></span> <span class='ocrx_word' id='word_1_329' title='bbox 431 2919 533 2968; x_wconf 71' lang='grc' dir='ltr'><strong>αῑίἰς</strong></span> <span class='ocrx_word' id='word_1_330' title='bbox 582 2916 848 2960; x_wconf 83' lang='lat' dir='ltr'><strong>Scatinavia</strong></span> <span class='ocrx_word' id='word_1_331' title='bbox 877 2919 913 2958; x_wconf 81' lang='lat' dir='ltr'><strong>F</strong></span> <span class='ocrx_word' id='word_1_332' title='bbox 947 2918 998 2967; x_wconf 74' lang='lat'><strong>23</strong></span> <span class='ocrx_word' id='word_1_333' title='bbox 1039 2915 1338 2958; x_wconf 83' lang='lat' dir='ltr'><strong>Scladinavia</strong></span> <span class='ocrx_word' id='word_1_334' title='bbox 1366 2917 1411 2958; x_wconf 81' lang='grc' dir='ltr'>Η</span> <span class='ocrx_word' id='word_1_335' title='bbox 1444 2920 1484 2960; x_wconf 93' lang='grc'><strong>1.</strong></span> <span class='ocrx_word' id='word_1_336' title='bbox 1620 2915 1668 2969; x_wconf 85' lang='lat' dir='ltr'><strong>h)</strong></span> <span class='ocrx_word' id='word_1_337' title='bbox 1702 2918 1990 2961; x_wconf 80' lang='lat' dir='ltr'><strong>adduxerant</strong></span> <span class='ocrx_word' id='word_1_338' title='bbox 2032 2917 2071 2958; x_wconf 69' lang='lat' dir='ltr'>P</span> <span class='ocrx_word' id='word_1_339' title='bbox 2102 2918 2143 2957; x_wconf 88' lang='grc'><strong>2.</strong></span> <span class='ocrx_word' id='word_1_340' title='bbox 2179 2917 2218 2959; x_wconf 90' lang='lat'><strong>8.</strong></span> <span class='ocrx_word' id='word_1_341' title='bbox 2254 2916 2296 2958; x_wconf 98' lang='lat' dir='ltr'>G</span> <span class='ocrx_word' id='word_1_342' title='bbox 2328 2918 2369 2957; x_wconf 95' lang='grc'><strong>2.</strong></span> <span class='ocrx_word' id='word_1_343' title='bbox 2404 2916 2446 2959; x_wconf 90' lang='lat'><strong>8.</strong></span> <span class='ocrx_word' id='word_1_344' title='bbox 2479 2918 2534 2967; x_wconf 61' lang='grc' dir='ltr'><strong>ις</strong></span> 
     </span>
     <span class='ocr_line' id='line_1_33' title="bbox 284 2974 2544 3027; baseline -0.001 -9"><span class='ocrx_word' id='word_1_345' title='bbox 284 2978 544 3019; x_wconf 81' lang='lat' dir='ltr'><strong>adduxerat</strong></span> <span class='ocrx_word' id='word_1_346' title='bbox 577 2997 629 3008; x_wconf 92' lang='lat'>—</span> <span class='ocrx_word' id='word_1_347' title='bbox 662 2977 896 3019; x_wconf 77' lang='lat' dir='ltr'><strong>rexeratF</strong></span> <span class='ocrx_word' id='word_1_348' title='bbox 916 2977 957 3017; x_wconf 85' lang='lat'><strong>1.</strong></span> <span class='ocrx_word' id='word_1_349' title='bbox 977 2975 1080 3026; x_wconf 76' lang='lat' dir='ltr'>G13</span> <span class='ocrx_word' id='word_1_350' title='bbox 1111 2976 1402 3017; x_wconf 82' lang='lat' dir='ltr'><strong>abduxerant</strong></span> <span class='ocrx_word' id='word_1_351' title='bbox 1433 2974 1544 3026; x_wconf 72' lang='lat' dir='ltr'>G53</span> <span class='ocrx_word' id='word_1_352' title='bbox 1576 2978 1623 3017; x_wconf 81' lang='lat' dir='ltr'><strong>et</strong></span> <span class='ocrx_word' id='word_1_353' title='bbox 1654 2997 1708 3008; x_wconf 92' lang='lat'>—</span> <span class='ocrx_word' id='word_1_354' title='bbox 1726 2980 1944 3019; x_wconf 84' lang='lat' dir='ltr'><strong>rexerant</strong></span> <span class='ocrx_word' id='word_1_355' title='bbox 1973 2978 2117 3018; x_wconf 65' lang='lat' dir='ltr'><strong>dean</strong></span> <span class='ocrx_word' id='word_1_356' title='bbox 2138 2979 2177 3017; x_wconf 84' lang='lat'><strong>1.</strong></span> <span class='ocrx_word' id='word_1_357' title='bbox 2272 2974 2308 3027; x_wconf 87' lang='lat' dir='ltr'><strong>i)</strong></span> <span class='ocrx_word' id='word_1_358' title='bbox 2340 2976 2544 3026; x_wconf 82' lang='lat' dir='ltr'><strong>primum</strong></span> 
     </span>
     <span class='ocr_line' id='line_1_34' title="bbox 282 3030 2543 3087; baseline -0.001 -10"><span class='ocrx_word' id='word_1_359' title='bbox 282 3036 338 3080; x_wconf 78' lang='lat' dir='ltr'><strong>E.</strong></span> <span class='ocrx_word' id='word_1_360' title='bbox 371 3036 424 3077; x_wconf 69' lang='grc' dir='ltr'><strong>Ρ.</strong></span> <span class='ocrx_word' id='word_1_361' title='bbox 460 3035 528 3085; x_wconf 78' lang='lat' dir='ltr'>G3</span> <span class='ocrx_word' id='word_1_362' title='bbox 560 3036 671 3076; x_wconf 73' lang='lat' dir='ltr'><strong>deese</strong></span> <span class='ocrx_word' id='word_1_363' title='bbox 701 3035 743 3076; x_wconf 98' lang='lat' dir='ltr'><strong>A</strong></span> <span class='ocrx_word' id='word_1_364' title='bbox 774 3036 819 3077; x_wconf 84' lang='lat'><strong>8.</strong></span> <span class='ocrx_word' id='word_1_365' title='bbox 940 3032 990 3087; x_wconf 81' lang='lat' dir='ltr'><strong>k)</strong></span> <span class='ocrx_word' id='word_1_366' title='bbox 1025 3034 1277 3084; x_wconf 69' lang='lat' dir='ltr'><strong>Assiimund</strong></span> <span class='ocrx_word' id='word_1_367' title='bbox 1308 3032 1351 3073; x_wconf 96' lang='lat' dir='ltr'>A</span> <span class='ocrx_word' id='word_1_368' title='bbox 1383 3034 1408 3073; x_wconf 99' lang='grc'><strong>2</strong></span> <span class='ocrx_word' id='word_1_369' title='bbox 1441 3035 1518 3074; x_wconf 73' lang='lat' dir='ltr'><strong>hoc</strong></span> <span class='ocrx_word' id='word_1_370' title='bbox 1548 3035 1653 3086; x_wconf 73' lang='lat' dir='ltr'><strong>loco,</strong></span> <span class='ocrx_word' id='word_1_371' title='bbox 1688 3034 1730 3076; x_wconf 90' lang='lat' dir='ltr'>G</span> <span class='ocrx_word' id='word_1_372' title='bbox 1760 3031 1824 3078; x_wconf 79' lang='lat'><strong>⁸5.</strong></span> <span class='ocrx_word' id='word_1_373' title='bbox 1857 3035 1917 3077; x_wconf 68' lang='lat' dir='ltr'><strong>ba</strong></span> <span class='ocrx_word' id='word_1_374' title='bbox 1945 3040 2107 3084; x_wconf 59' lang='lat' dir='ltr'><strong>conam</strong></span> <span class='ocrx_word' id='word_1_375' title='bbox 2139 3034 2374 3084; x_wconf 73' lang='lat' dir='ltr'><strong>Agelmun</strong></span> <span class='ocrx_word' id='word_1_376' title='bbox 2405 3033 2449 3074; x_wconf 98' lang='lat' dir='ltr'><strong>A</strong></span> <span class='ocrx_word' id='word_1_377' title='bbox 2468 3030 2543 3084; x_wconf 56' lang='grc' dir='ltr'><strong>’Δις</strong></span> 
     </span>
     <span class='ocr_line' id='line_1_35' title="bbox 283 3091 2544 3145; baseline -0.001 -9"><span class='ocrx_word' id='word_1_378' title='bbox 283 3095 519 3145; x_wconf 72' lang='lat' dir='ltr'><strong>Agelmud</strong></span> <span class='ocrx_word' id='word_1_379' title='bbox 549 3095 587 3135; x_wconf 81' lang='grc' dir='ltr'><strong>Ε</strong></span> <span class='ocrx_word' id='word_1_380' title='bbox 612 3097 650 3135; x_wconf 82' lang='lat' dir='ltr'><strong>i.</strong></span> <span class='ocrx_word' id='word_1_381' title='bbox 682 3095 720 3133; x_wconf 74' lang='lat' dir='ltr'><strong>F</strong></span> <span class='ocrx_word' id='word_1_382' title='bbox 754 3095 804 3145; x_wconf 80' lang='lat'><strong>83</strong></span> <span class='ocrx_word' id='word_1_383' title='bbox 838 3093 1153 3143; x_wconf 73' lang='lat' dir='ltr'><strong>Agelmundus</strong></span> <span class='ocrx_word' id='word_1_384' title='bbox 1184 3095 1222 3135; x_wconf 99' lang='grc' dir='ltr'>Β</span> <span class='ocrx_word' id='word_1_385' title='bbox 1242 3094 1283 3136; x_wconf 94' lang='grc'><strong>2.</strong></span> <span class='ocrx_word' id='word_1_386' title='bbox 1319 3092 1355 3134; x_wconf 83' lang='lat'><em>0</em></span> <span class='ocrx_word' id='word_1_387' title='bbox 1388 3095 1456 3133; x_wconf 82' lang='lat' dir='ltr'><strong>la.</strong></span> <span class='ocrx_word' id='word_1_388' title='bbox 1490 3093 1535 3132; x_wconf 89' lang='lat' dir='ltr'>D</span> <span class='ocrx_word' id='word_1_389' title='bbox 1568 3094 1639 3134; x_wconf 84' lang='lat' dir='ltr'><strong>la.</strong></span> <span class='ocrx_word' id='word_1_390' title='bbox 1658 3094 1698 3134; x_wconf 88' lang='grc'><strong>2.</strong></span> <span class='ocrx_word' id='word_1_391' title='bbox 1732 3094 1776 3135; x_wconf 87' lang='lat'><strong>8.</strong></span> <span class='ocrx_word' id='word_1_392' title='bbox 1807 3094 1846 3135; x_wconf 69' lang='lat' dir='ltr'><strong>P</strong></span> <span class='ocrx_word' id='word_1_393' title='bbox 1879 3094 1925 3137; x_wconf 73' lang='grc' dir='ltr'><strong>ὃ.</strong></span> <span class='ocrx_word' id='word_1_394' title='bbox 1959 3094 2000 3136; x_wconf 99' lang='lat' dir='ltr'>G</span> <span class='ocrx_word' id='word_1_395' title='bbox 2031 3096 2074 3137; x_wconf 78' lang='lat'><strong>6.</strong></span> <span class='ocrx_word' id='word_1_396' title='bbox 2106 3095 2199 3144; x_wconf 68' lang='lat'><strong>113</strong></span> <span class='ocrx_word' id='word_1_397' title='bbox 2234 3091 2544 3143; x_wconf 72' lang='lat' dir='ltr'><strong>Agilmundus</strong></span> 
     </span>
     <span class='ocr_line' id='line_1_36' title="bbox 285 3150 2544 3205; baseline -0.002 -10"><span class='ocrx_word' id='word_1_398' title='bbox 285 3153 328 3195; x_wconf 87' lang='lat' dir='ltr'>G</span> <span class='ocrx_word' id='word_1_399' title='bbox 360 3154 429 3196; x_wconf 78' lang='lat'><strong>50.</strong></span> <span class='ocrx_word' id='word_1_400' title='bbox 581 3151 618 3205; x_wconf 89' lang='lat'><strong>1)</strong></span> <span class='ocrx_word' id='word_1_401' title='bbox 647 3154 913 3204; x_wconf 80' lang='lat' dir='ltr'><strong>prosapiam</strong></span> <span class='ocrx_word' id='word_1_402' title='bbox 943 3151 980 3192; x_wconf 76' lang='grc' dir='ltr'><strong>Ε·</strong></span> <span class='ocrx_word' id='word_1_403' title='bbox 1014 3154 1056 3194; x_wconf 88' lang='grc'><strong>1.</strong></span> <span class='ocrx_word' id='word_1_404' title='bbox 1207 3150 1270 3204; x_wconf 86' lang='lat' dir='ltr'><strong>m)</strong></span> <span class='ocrx_word' id='word_1_405' title='bbox 1307 3150 1630 3201; x_wconf 73' lang='lat' dir='ltr'><strong>Guningorum</strong></span> <span class='ocrx_word' id='word_1_406' title='bbox 1661 3153 1699 3193; x_wconf 99' lang='grc' dir='ltr'>Β</span> <span class='ocrx_word' id='word_1_407' title='bbox 1735 3153 1777 3193; x_wconf 92' lang='grc'><strong>1.</strong></span> <span class='ocrx_word' id='word_1_408' title='bbox 1811 3154 1852 3194; x_wconf 97' lang='grc'><strong>2.</strong></span> <span class='ocrx_word' id='word_1_409' title='bbox 1887 3153 1908 3193; x_wconf 91' lang='lat'>1</span> <span class='ocrx_word' id='word_1_410' title='bbox 1941 3153 1994 3203; x_wconf 75' lang='lat'><strong>83</strong></span> <span class='ocrx_word' id='word_1_411' title='bbox 2028 3153 2387 3202; x_wconf 70' lang='lat' dir='ltr'><strong>Gunningorum</strong></span> <span class='ocrx_word' id='word_1_412' title='bbox 2417 3152 2461 3191; x_wconf 76' lang='grc' dir='ltr'><strong><em>Κ</em></strong></span> <span class='ocrx_word' id='word_1_413' title='bbox 2495 3154 2544 3200; x_wconf 80' lang='lat'><strong>13</strong></span> 
     </span>
     <span class='ocr_line' id='line_1_37' title="bbox 285 3206 2544 3262; baseline -0.001 -9"><span class='ocrx_word' id='word_1_414' title='bbox 285 3210 612 3261; x_wconf 73' lang='lat' dir='ltr'><strong>Gunnissorum</strong></span> <span class='ocrx_word' id='word_1_415' title='bbox 643 3214 682 3252; x_wconf 86' lang='grc' dir='ltr'>Β</span> <span class='ocrx_word' id='word_1_416' title='bbox 715 3214 793 3261; x_wconf 81' lang='lat' dir='ltr'><strong>1a3</strong></span> <span class='ocrx_word' id='word_1_417' title='bbox 842 3211 1194 3260; x_wconf 73' lang='lat' dir='ltr'><strong>Gungindorum</strong></span> <span class='ocrx_word' id='word_1_418' title='bbox 1228 3209 1269 3250; x_wconf 88' lang='lat' dir='ltr'><strong>A</strong></span> <span class='ocrx_word' id='word_1_419' title='bbox 1299 3206 1361 3251; x_wconf 71' lang='grc'><strong>’4.</strong></span> <span class='ocrx_word' id='word_1_420' title='bbox 1405 3211 1443 3251; x_wconf 99' lang='grc' dir='ltr'>Β</span> <span class='ocrx_word' id='word_1_421' title='bbox 1479 3210 1562 3260; x_wconf 77' lang='lat' dir='ltr'><strong>8a3</strong></span> <span class='ocrx_word' id='word_1_422' title='bbox 1612 3209 1952 3262; x_wconf 69' lang='lat' dir='ltr'><strong>Ginginoeorum</strong></span> <span class='ocrx_word' id='word_1_423' title='bbox 1996 3211 2037 3252; x_wconf 92' lang='lat' dir='ltr'>G</span> <span class='ocrx_word' id='word_1_424' title='bbox 2068 3208 2142 3262; x_wconf 68' lang='grc' dir='ltr'><strong>’ὃς</strong></span> <span class='ocrx_word' id='word_1_425' title='bbox 2192 3209 2544 3260; x_wconf 72' lang='lat' dir='ltr'><strong>Gunssincorum</strong></span> 
     </span>
     <span class='ocr_line' id='line_1_38' title="bbox 284 3268 2545 3320; baseline -0.001 -8"><span class='ocrx_word' id='word_1_426' title='bbox 284 3272 322 3312; x_wconf 99' lang='grc' dir='ltr'>Β</span> <span class='ocrx_word' id='word_1_427' title='bbox 360 3273 430 3314; x_wconf 84' lang='lat' dir='ltr'><strong>la.</strong></span> <span class='ocrx_word' id='word_1_428' title='bbox 460 3271 520 3312; x_wconf 89' lang='lat' dir='ltr'><strong>D.</strong></span> <span class='ocrx_word' id='word_1_429' title='bbox 554 3269 578 3309; x_wconf 90' lang='lat'>1</span> <span class='ocrx_word' id='word_1_430' title='bbox 611 3272 664 3320; x_wconf 79' lang='lat'><strong>13</strong></span> <span class='ocrx_word' id='word_1_431' title='bbox 712 3270 1032 3319; x_wconf 74' lang='lat' dir='ltr'><strong>Gungivorum</strong></span> <span class='ocrx_word' id='word_1_432' title='bbox 1073 3268 1115 3310; x_wconf 93' lang='lat' dir='ltr'>G</span> <span class='ocrx_word' id='word_1_433' title='bbox 1146 3269 1226 3318; x_wconf 65' lang='grc' dir='ltr'><strong>δὺς</strong></span> <span class='ocrx_word' id='word_1_434' title='bbox 1275 3268 1626 3318; x_wconf 70' lang='lat' dir='ltr'><strong>Ounssingorum</strong></span> <span class='ocrx_word' id='word_1_435' title='bbox 1658 3269 1698 3310; x_wconf 90' lang='lat' dir='ltr'><strong>A</strong></span> <span class='ocrx_word' id='word_1_436' title='bbox 1731 3270 1786 3310; x_wconf 80' lang='lat'><strong>80</strong></span> <span class='ocrx_word' id='word_1_437' title='bbox 1815 3281 1837 3309; x_wconf 78' lang='lat' dir='ltr'><strong>e</strong></span> <span class='ocrx_word' id='word_1_438' title='bbox 1867 3281 2011 3320; x_wconf 51' lang='grc' dir='ltr'><strong>σοφῆς</strong></span> <span class='ocrx_word' id='word_1_439' title='bbox 2058 3270 2379 3319; x_wconf 67' lang='lat' dir='ltr'><strong>onningen-um</strong></span> <span class='ocrx_word' id='word_1_440' title='bbox 2426 3269 2463 3309; x_wconf 67' lang='grc' dir='ltr'>Β</span> <span class='ocrx_word' id='word_1_441' title='bbox 2493 3268 2545 3318; x_wconf 75' lang='lat'><strong>53</strong></span> 
     </span>
     <span class='ocr_line' id='line_1_39' title="bbox 282 3326 2545 3379; baseline 0 -10"><span class='ocrx_word' id='word_1_442' title='bbox 282 3328 628 3379; x_wconf 73' lang='lat' dir='ltr'><strong>Tim-iugorum</strong></span> <span class='ocrx_word' id='word_1_443' title='bbox 658 3329 697 3369; x_wconf 84' lang='lat' dir='ltr'>L</span> <span class='ocrx_word' id='word_1_444' title='bbox 732 3331 785 3379; x_wconf 79' lang='lat'><strong>13</strong></span> <span class='ocrx_word' id='word_1_445' title='bbox 831 3328 1172 3378; x_wconf 73' lang='lat' dir='ltr'><strong>&#39;runssintorum</strong></span> <span class='ocrx_word' id='word_1_446' title='bbox 1203 3327 1243 3368; x_wconf 68' lang='lat'><strong>1,</strong></span> <span class='ocrx_word' id='word_1_447' title='bbox 1275 3329 1315 3369; x_wconf 92' lang='grc'><strong>2.</strong></span> <span class='ocrx_word' id='word_1_448' title='bbox 1450 3326 1499 3378; x_wconf 92' lang='lat' dir='ltr'><strong>n)</strong></span> <span class='ocrx_word' id='word_1_449' title='bbox 1533 3337 1702 3378; x_wconf 81' lang='lat' dir='ltr'><strong>pueros</strong></span> <span class='ocrx_word' id='word_1_450' title='bbox 1747 3327 1790 3368; x_wconf 88' lang='lat' dir='ltr'><strong>A</strong></span> <span class='ocrx_word' id='word_1_451' title='bbox 1823 3329 1874 3378; x_wconf 80' lang='grc'><strong>2;</strong></span> <span class='ocrx_word' id='word_1_452' title='bbox 1917 3329 2139 3379; x_wconf 82' lang='lat' dir='ltr'><strong>parvulos</strong></span> <span class='ocrx_word' id='word_1_453' title='bbox 2184 3327 2219 3369; x_wconf 81' lang='grc' dir='ltr'>Ο</span> <span class='ocrx_word' id='word_1_454' title='bbox 2251 3328 2294 3368; x_wconf 89' lang='grc'><strong>2.</strong></span> <span class='ocrx_word' id='word_1_455' title='bbox 2344 3327 2388 3366; x_wconf 89' lang='lat' dir='ltr'>D</span> <span class='ocrx_word' id='word_1_456' title='bbox 2421 3328 2467 3367; x_wconf 89' lang='grc'><strong>2.</strong></span> <span class='ocrx_word' id='word_1_457' title='bbox 2501 3327 2545 3369; x_wconf 82' lang='grc'><strong>8.</strong></span> 
     </span>
     <span class='ocr_line' id='line_1_40' title="bbox 287 3383 2544 3440; baseline -0.001 -11"><span class='ocrx_word' id='word_1_458' title='bbox 287 3388 328 3428; x_wconf 88' lang='lat' dir='ltr'>G</span> <span class='ocrx_word' id='word_1_459' title='bbox 360 3387 431 3429; x_wconf 76' lang='lat'><strong>50.</strong></span> <span class='ocrx_word' id='word_1_460' title='bbox 464 3388 487 3427; x_wconf 93' lang='lat'>1</span> <span class='ocrx_word' id='word_1_461' title='bbox 521 3389 564 3440; x_wconf 85' lang='lat'><strong>1,</strong></span> <span class='ocrx_word' id='word_1_462' title='bbox 595 3388 685 3427; x_wconf 77' lang='lat' dir='ltr'><strong>alii.</strong></span> <span class='ocrx_word' id='word_1_463' title='bbox 807 3385 852 3440; x_wconf 92' lang='lat' dir='ltr'><strong>o)</strong></span> <span class='ocrx_word' id='word_1_464' title='bbox 885 3388 1055 3437; x_wconf 81' lang='lat' dir='ltr'><strong>proicit</strong></span> <span class='ocrx_word' id='word_1_465' title='bbox 1083 3384 1186 3428; x_wconf 78' lang='grc' dir='ltr'><strong>Α2.</strong></span> <span class='ocrx_word' id='word_1_466' title='bbox 1308 3383 1357 3438; x_wconf 81' lang='lat' dir='ltr'><strong>p)</strong></span> <span class='ocrx_word' id='word_1_467' title='bbox 1391 3385 1455 3426; x_wconf 70' lang='grc' dir='ltr'><strong>ιἐα</strong></span> <span class='ocrx_word' id='word_1_468' title='bbox 1480 3395 1568 3435; x_wconf 78' lang='lat' dir='ltr'><strong>pro</strong></span> <span class='ocrx_word' id='word_1_469' title='bbox 1601 3387 1835 3426; x_wconf 85' lang='lat' dir='ltr'><strong>necandos</strong></span> <span class='ocrx_word' id='word_1_470' title='bbox 1868 3385 1909 3426; x_wconf 89' lang='lat' dir='ltr'>A</span> <span class='ocrx_word' id='word_1_471' title='bbox 1931 3389 1967 3427; x_wconf 89' lang='lat' dir='ltr'><strong>i.</strong></span> <span class='ocrx_word' id='word_1_472' title='bbox 2002 3383 2065 3427; x_wconf 72' lang='grc'><strong>’2.</strong></span> <span class='ocrx_word' id='word_1_473' title='bbox 2097 3388 2136 3427; x_wconf 80' lang='lat' dir='ltr'><strong>Ei</strong></span> <span class='ocrx_word' id='word_1_474' title='bbox 2157 3388 2198 3427; x_wconf 91' lang='lat'><strong>1.</strong></span> <span class='ocrx_word' id='word_1_475' title='bbox 2230 3386 2268 3425; x_wconf 81' lang='lat' dir='ltr'><strong>F</strong></span> <span class='ocrx_word' id='word_1_476' title='bbox 2292 3386 2331 3425; x_wconf 89' lang='lat'><strong>1.</strong></span> <span class='ocrx_word' id='word_1_477' title='bbox 2366 3384 2408 3425; x_wconf 84' lang='lat'><strong>8.</strong></span> <span class='ocrx_word' id='word_1_478' title='bbox 2443 3383 2544 3426; x_wconf 89' lang='lat' dir='ltr'><strong>G8.</strong></span> 
     </span>
     <span class='ocr_line' id='line_1_41' title="bbox 286 3439 2545 3498; baseline -0.001 -11"><span class='ocrx_word' id='word_1_479' title='bbox 286 3444 333 3498; x_wconf 84' lang='lat' dir='ltr'><strong>q)</strong></span> <span class='ocrx_word' id='word_1_480' title='bbox 366 3445 570 3487; x_wconf 69' lang='lat' dir='ltr'><strong>infantes</strong></span> <span class='ocrx_word' id='word_1_481' title='bbox 604 3445 645 3486; x_wconf 93' lang='lat' dir='ltr'>G</span> <span class='ocrx_word' id='word_1_482' title='bbox 678 3447 719 3487; x_wconf 89' lang='lat'><strong>1.</strong></span> <span class='ocrx_word' id='word_1_483' title='bbox 753 3448 794 3487; x_wconf 88' lang='grc'><strong>2.</strong></span> <span class='ocrx_word' id='word_1_484' title='bbox 901 3444 941 3497; x_wconf 87' lang='grc' dir='ltr'><strong>ι·)</strong></span> <span class='ocrx_word' id='word_1_485' title='bbox 974 3455 1068 3486; x_wconf 86' lang='lat' dir='ltr'><strong>una</strong></span> <span class='ocrx_word' id='word_1_486' title='bbox 1098 3443 1139 3484; x_wconf 90' lang='lat' dir='ltr'><strong>A</strong></span> <span class='ocrx_word' id='word_1_487' title='bbox 1172 3439 1294 3486; x_wconf 77' lang='lat'><strong>1.·8.</strong></span> <span class='ocrx_word' id='word_1_488' title='bbox 1314 3441 1376 3486; x_wconf 77' lang='lat'><strong>‘8.</strong></span> <span class='ocrx_word' id='word_1_489' title='bbox 1395 3442 1436 3485; x_wconf 83' lang='lat' dir='ltr'>G</span> <span class='ocrx_word' id='word_1_490' title='bbox 1458 3445 1506 3493; x_wconf 67' lang='grc' dir='ltr'><strong>ις</strong></span> <span class='ocrx_word' id='word_1_491' title='bbox 1538 3455 1633 3485; x_wconf 82' lang='lat' dir='ltr'><strong>una</strong></span> <span class='ocrx_word' id='word_1_492' title='bbox 1662 3445 1832 3485; x_wconf 82' lang='lat' dir='ltr'><strong>mulier</strong></span> <span class='ocrx_word' id='word_1_493' title='bbox 1862 3441 2041 3490; x_wconf 71' lang='lat' dir='ltr'><strong>As.·4.</strong></span> <span class='ocrx_word' id='word_1_494' title='bbox 2131 3442 2171 3496; x_wconf 84' lang='lat' dir='ltr'><strong>s)</strong></span> <span class='ocrx_word' id='word_1_495' title='bbox 2207 3443 2319 3483; x_wconf 70' lang='lat' dir='ltr'><strong>deest</strong></span> <span class='ocrx_word' id='word_1_496' title='bbox 2352 3441 2545 3486; x_wconf 45' lang='lat' dir='ltr'><strong>Goba.</strong></span> 
     </span>
     <span class='ocr_line' id='line_1_42' title="bbox 285 3487 2543 3558; baseline -0.001 -14"><span class='ocrx_word' id='word_1_497' title='bbox 285 3503 322 3556; x_wconf 88' lang='lat' dir='ltr'><strong>t)</strong></span> <span class='ocrx_word' id='word_1_498' title='bbox 348 3509 451 3556; x_wconf 73' lang='lat' dir='ltr'><strong>post</strong></span> <span class='ocrx_word' id='word_1_499' title='bbox 480 3504 583 3546; x_wconf 70' lang='lat' dir='ltr'><strong>aad.</strong></span> <span class='ocrx_word' id='word_1_500' title='bbox 616 3505 651 3545; x_wconf 67' lang='grc' dir='ltr'>Γ</span> <span class='ocrx_word' id='word_1_501' title='bbox 686 3505 726 3545; x_wconf 91' lang='grc'><strong>1.</strong></span> <span class='ocrx_word' id='word_1_502' title='bbox 858 3502 907 3555; x_wconf 90' lang='lat' dir='ltr'><strong>u)</strong></span> <span class='ocrx_word' id='word_1_503' title='bbox 939 3504 1001 3544; x_wconf 72' lang='lat' dir='ltr'><strong>ita</strong></span> <span class='ocrx_word' id='word_1_504' title='bbox 1032 3503 1072 3544; x_wconf 88' lang='lat' dir='ltr'><strong>A</strong></span> <span class='ocrx_word' id='word_1_505' title='bbox 1107 3505 1146 3544; x_wconf 88' lang='lat'><strong>1.</strong></span> <span class='ocrx_word' id='word_1_506' title='bbox 1180 3500 1242 3544; x_wconf 75' lang='grc'><strong>’2.</strong></span> <span class='ocrx_word' id='word_1_507' title='bbox 1277 3499 1340 3544; x_wconf 73' lang='grc'><strong>’8.</strong></span> <span class='ocrx_word' id='word_1_508' title='bbox 1374 3487 1484 3542; x_wconf 36' lang='lat' dir='ltr'><strong>le.</strong></span> <span class='ocrx_word' id='word_1_509' title='bbox 1521 3501 1563 3542; x_wconf 93' lang='lat' dir='ltr'>G</span> <span class='ocrx_word' id='word_1_510' title='bbox 1598 3504 1647 3552; x_wconf 82' lang='lat'><strong>13</strong></span> <span class='ocrx_word' id='word_1_511' title='bbox 1683 3515 1718 3558; x_wconf 70' lang='lat' dir='ltr'><strong>q,</strong></span> <span class='ocrx_word' id='word_1_512' title='bbox 1742 3504 1781 3543; x_wconf 91' lang='grc' dir='ltr'>Β</span> <span class='ocrx_word' id='word_1_513' title='bbox 1815 3504 1870 3552; x_wconf 79' lang='grc'><strong>2;</strong></span> <span class='ocrx_word' id='word_1_514' title='bbox 1912 3503 2024 3543; x_wconf 76' lang='lat' dir='ltr'><strong>deest</strong></span> <span class='ocrx_word' id='word_1_515' title='bbox 2055 3504 2095 3544; x_wconf 76' lang='lat' dir='ltr'>E</span> <span class='ocrx_word' id='word_1_516' title='bbox 2130 3505 2177 3551; x_wconf 76' lang='lat'><strong>13</strong></span> <span class='ocrx_word' id='word_1_517' title='bbox 2226 3510 2366 3551; x_wconf 84' lang='lat' dir='ltr'><strong>quam</strong></span> <span class='ocrx_word' id='word_1_518' title='bbox 2399 3502 2543 3546; x_wconf 70' lang='lat' dir='ltr'><strong>ceteri.</strong></span> 
     </span>
     <span class='ocr_line' id='line_1_43' title="bbox 288 3562 704 3615; baseline 0 -11"><span class='ocrx_word' id='word_1_519' title='bbox 288 3562 335 3615; x_wconf 85' lang='lat' dir='ltr'><strong>v)</strong></span> <span class='ocrx_word' id='word_1_520' title='bbox 370 3574 560 3604; x_wconf 86' lang='lat' dir='ltr'><strong>manum</strong></span> <span class='ocrx_word' id='word_1_521' title='bbox 590 3563 627 3603; x_wconf 70' lang='lat'><strong>1³</strong></span> <span class='ocrx_word' id='word_1_522' title='bbox 664 3565 704 3604; x_wconf 86' lang='lat'><strong>1.</strong></span> 
     </span>
    </p>
   </div>
   <div class='ocr_carea' id='block_1_4' title="bbox 268 3717 2546 4372">
    <p class='ocr_par' dir='ltr' id='par_1_6' title="bbox 268 3717 2546 4372">
     <span class='ocr_line' id='line_1_44' title="bbox 293 3717 2546 3789; baseline 0 -18"><span class='ocrx_word' id='word_1_523' title='bbox 293 3723 349 3789; x_wconf 89' lang='lat'><strong>1)</strong></span> <span class='ocrx_word' id='word_1_524' title='bbox 388 3727 443 3774; x_wconf 90' lang='lat' dir='ltr'><strong>et</strong></span> <span class='ocrx_word' id='word_1_525' title='bbox 479 3738 533 3775; x_wconf 92' lang='lat' dir='ltr'><strong>u.</strong></span> <span class='ocrx_word' id='word_1_526' title='bbox 574 3720 646 3773; x_wconf 88' lang='lat' dir='ltr'><strong>ad</strong></span> <span class='ocrx_word' id='word_1_527' title='bbox 683 3721 736 3773; x_wconf 92' lang='lat' dir='ltr'><strong>h.</strong></span> <span class='ocrx_word' id='word_1_528' title='bbox 774 3726 813 3773; x_wconf 77' lang='lat' dir='ltr'><strong>t..</strong></span> <span class='ocrx_word' id='word_1_529' title='bbox 851 3726 1100 3774; x_wconf 86' lang='lat' dir='ltr'><strong>rexerant</strong></span> <span class='ocrx_word' id='word_1_530' title='bbox 1136 3720 1202 3772; x_wconf 78' lang='lat' dir='ltr'><strong>de</strong></span> <span class='ocrx_word' id='word_1_531' title='bbox 1240 3736 1337 3772; x_wconf 78' lang='lat' dir='ltr'><strong>mo</strong></span> <span class='ocrx_word' id='word_1_532' title='bbox 1378 3718 1531 3771; x_wconf 70' lang='lat' dir='ltr'><strong>addit</strong></span> <span class='ocrx_word' id='word_1_533' title='bbox 1568 3717 1777 3771; x_wconf 80' lang='lat' dir='ltr'><strong>Paulus</strong></span> <span class='ocrx_word' id='word_1_534' title='bbox 1804 3734 1869 3772; x_wconf 70' lang='lat' dir='ltr'><strong>ex</strong></span> <span class='ocrx_word' id='word_1_535' title='bbox 1907 3718 2233 3787; x_wconf 73' lang='lat' dir='ltr'><strong>conjectura,</strong></span> <span class='ocrx_word' id='word_1_536' title='bbox 2275 3724 2335 3770; x_wconf 80' lang='lat' dir='ltr'><strong>ut</strong></span> <span class='ocrx_word' id='word_1_537' title='bbox 2358 3717 2546 3772; x_wconf 72' lang='lat' dir='ltr'><strong>seriem</strong></span> 
     </span>
     <span class='ocr_line' id='line_1_45' title="bbox 288 3790 2540 3862; baseline 0 -17"><span class='ocrx_word' id='word_1_538' title='bbox 288 3793 623 3862; x_wconf 72' lang='lat' dir='ltr'><strong>reynantium</strong></span> <span class='ocrx_word' id='word_1_539' title='bbox 660 3793 883 3860; x_wconf 64' lang='lat' dir='ltr'><strong>efficeret</strong></span> <span class='ocrx_word' id='word_1_540' title='bbox 922 3792 1242 3846; x_wconf 75' lang='lat' dir='ltr'><strong>continuam.</strong></span> <span class='ocrx_word' id='word_1_541' title='bbox 1322 3792 1478 3856; x_wconf 78' lang='lat' dir='ltr'><strong>Quod</strong></span> <span class='ocrx_word' id='word_1_542' title='bbox 1510 3794 1675 3860; x_wconf 75' lang='lat' dir='ltr'><strong>plane</strong></span> <span class='ocrx_word' id='word_1_543' title='bbox 1713 3809 2004 3845; x_wconf 76' lang='lat' dir='ltr'><strong>erroneum.</strong></span> <span class='ocrx_word' id='word_1_544' title='bbox 2030 3793 2148 3846; x_wconf 79' lang='lat' dir='ltr'><strong>BE.</strong></span> <span class='ocrx_word' id='word_1_545' title='bbox 2302 3790 2361 3858; x_wconf 78' lang='lat'><strong>2)</strong></span> <span class='ocrx_word' id='word_1_546' title='bbox 2386 3792 2540 3845; x_wconf 79' lang='lat' dir='ltr'><strong>Haec</strong></span> 
     </span>
     <span class='ocr_line' id='line_1_46' title="bbox 289 3864 2541 3936; baseline -0.001 -18"><span class='ocrx_word' id='word_1_547' title='bbox 289 3868 347 3920; x_wconf 73' lang='lat' dir='ltr'><strong>in</strong></span> <span class='ocrx_word' id='word_1_548' title='bbox 379 3865 525 3936; x_wconf 65' lang='grc' dir='ltr'><strong>Θήῃ.</strong></span> <span class='ocrx_word' id='word_1_549' title='bbox 547 3868 770 3934; x_wconf 71' lang='lat' dir='ltr'><strong>frustra</strong></span> <span class='ocrx_word' id='word_1_550' title='bbox 806 3883 1055 3933; x_wconf 75' lang='lat' dir='ltr'><strong>quaeras.</strong></span> <span class='ocrx_word' id='word_1_551' title='bbox 1203 3864 1262 3932; x_wconf 83' lang='lat'><strong>3)</strong></span> <span class='ocrx_word' id='word_1_552' title='bbox 1301 3865 1453 3919; x_wconf 79' lang='lat' dir='ltr'><strong>Haec</strong></span> <span class='ocrx_word' id='word_1_553' title='bbox 1477 3864 1687 3918; x_wconf 77' lang='lat' dir='ltr'><strong>Paulus</strong></span> <span class='ocrx_word' id='word_1_554' title='bbox 1714 3883 1749 3917; x_wconf 80' lang='lat' dir='ltr'><strong>a</strong></span> <span class='ocrx_word' id='word_1_555' title='bbox 1774 3864 1951 3918; x_wconf 67' lang='lat' dir='ltr'><strong>Plinio</strong></span> <span class='ocrx_word' id='word_1_556' title='bbox 1979 3865 2236 3933; x_wconf 73' lang='lat' dir='ltr'><strong>excerpsit</strong></span> <span class='ocrx_word' id='word_1_557' title='bbox 2274 3865 2365 3917; x_wconf 75' lang='lat' dir='ltr'><strong>lib.</strong></span> <span class='ocrx_word' id='word_1_558' title='bbox 2407 3864 2541 3930; x_wconf 78' lang='lat'><strong>1⁷11,</strong></span> 
     </span>
     <span class='ocr_line' id='line_1_47' title="bbox 290 3937 2541 4007; baseline -0.001 -16"><span class='ocrx_word' id='word_1_559' title='bbox 290 3957 411 4007; x_wconf 80' lang='lat' dir='ltr'><strong>cap.</strong></span> <span class='ocrx_word' id='word_1_560' title='bbox 451 3940 503 4003; x_wconf 81' lang='lat'><strong>3,</strong></span> <span class='ocrx_word' id='word_1_561' title='bbox 543 3940 608 3992; x_wconf 78' lang='lat' dir='ltr'><strong>dc</strong></span> <span class='ocrx_word' id='word_1_562' title='bbox 637 3937 961 4007; x_wconf 63' lang='lat' dir='ltr'><strong>prodigiosis</strong></span> <span class='ocrx_word' id='word_1_563' title='bbox 993 3938 1275 4006; x_wconf 67' lang='lat' dir='ltr'><strong>partubus.</strong></span> <span class='ocrx_word' id='word_1_564' title='bbox 1350 3940 1719 4006; x_wconf 78' lang='lat' dir='ltr'><strong>Tergeminos,</strong></span> <span class='ocrx_word' id='word_1_565' title='bbox 1743 3937 1851 4001; x_wconf 70' lang='lat' dir='ltr'><strong>ille,</strong></span> <span class='ocrx_word' id='word_1_566' title='bbox 1889 3940 2042 3991; x_wconf 86' lang='lat' dir='ltr'><strong>nasci</strong></span> <span class='ocrx_word' id='word_1_567' title='bbox 2083 3944 2287 3992; x_wconf 84' lang='lat' dir='ltr'><strong>certum</strong></span> <span class='ocrx_word' id='word_1_568' title='bbox 2313 3943 2398 3991; x_wconf 88' lang='lat' dir='ltr'><strong>est</strong></span> <span class='ocrx_word' id='word_1_569' title='bbox 2423 3938 2541 3990; x_wconf 86' lang='lat' dir='ltr'><strong>Ho-</strong></span> 
     </span>
     <span class='ocr_line' id='line_1_48' title="bbox 290 4011 2541 4080; baseline -0.001 -15"><span class='ocrx_word' id='word_1_570' title='bbox 290 4015 544 4066; x_wconf 80' lang='lat' dir='ltr'><strong>ratiorum</strong></span> <span class='ocrx_word' id='word_1_571' title='bbox 583 4012 1026 4079; x_wconf 80' lang='lat' dir='ltr'><strong>Curatiorumque</strong></span> <span class='ocrx_word' id='word_1_572' title='bbox 1065 4011 1326 4079; x_wconf 86' lang='lat' dir='ltr'><strong>exemplo.</strong></span> <span class='ocrx_word' id='word_1_573' title='bbox 1406 4012 1581 4080; x_wconf 85' lang='lat' dir='ltr'><strong>Supra</strong></span> <span class='ocrx_word' id='word_1_574' title='bbox 1617 4014 1756 4065; x_wconf 84' lang='lat' dir='ltr'><strong>inter</strong></span> <span class='ocrx_word' id='word_1_575' title='bbox 1793 4017 2004 4066; x_wconf 83' lang='lat' dir='ltr'><strong>ostenta</strong></span> <span class='ocrx_word' id='word_1_576' title='bbox 2041 4013 2342 4075; x_wconf 84' lang='lat' dir='ltr'><strong>adducitur,</strong></span> <span class='ocrx_word' id='word_1_577' title='bbox 2381 4026 2541 4079; x_wconf 87' lang='lat' dir='ltr'><strong>prae·</strong></span> 
     </span>
     <span class='ocr_line' id='line_1_49' title="bbox 268 4082 2542 4154; baseline -0.002 -16"><span class='ocrx_word' id='word_1_578' title='bbox 268 4087 536 4154; x_wconf 76' lang='lat' dir='ltr'><strong>=terqnam</strong></span> <span class='ocrx_word' id='word_1_579' title='bbox 577 4087 634 4136; x_wconf 87' lang='lat' dir='ltr'><strong>in</strong></span> <span class='ocrx_word' id='word_1_580' title='bbox 671 4085 935 4153; x_wconf 79' lang='lat' dir='ltr'><strong>Aegypto,</strong></span> <span class='ocrx_word' id='word_1_581' title='bbox 991 4085 1085 4137; x_wconf 88' lang='lat' dir='ltr'><strong>ubi</strong></span> <span class='ocrx_word' id='word_1_582' title='bbox 1120 4085 1334 4137; x_wconf 83' lang='lat' dir='ltr'><strong>foetifer</strong></span> <span class='ocrx_word' id='word_1_583' title='bbox 1382 4091 1511 4153; x_wconf 87' lang='lat' dir='ltr'><strong>potu</strong></span> <span class='ocrx_word' id='word_1_584' title='bbox 1549 4084 1704 4138; x_wconf 85' lang='lat' dir='ltr'><strong>Nilus</strong></span> <span class='ocrx_word' id='word_1_585' title='bbox 1753 4093 1846 4139; x_wconf 77' lang='lat' dir='ltr'><strong>etc.</strong></span> <span class='ocrx_word' id='word_1_586' title='bbox 1896 4086 1994 4137; x_wconf 89' lang='grc' dir='ltr'><strong>ΒῙ.</strong></span> <span class='ocrx_word' id='word_1_587' title='bbox 2073 4082 2151 4150; x_wconf 82' lang='lat' dir='ltr'><strong>Cf.</strong></span> <span class='ocrx_word' id='word_1_588' title='bbox 2195 4083 2329 4136; x_wconf 67' lang='lat' dir='ltr'><strong>Gall.</strong></span> <span class='ocrx_word' id='word_1_589' title='bbox 2370 4083 2443 4148; x_wconf 83' lang='grc' dir='ltr'><strong>Χ,</strong></span> <span class='ocrx_word' id='word_1_590' title='bbox 2484 4084 2542 4134; x_wconf 80' lang='grc'><strong>2.</strong></span> 
     </span>
     <span class='ocr_line' id='line_1_50' title="bbox 302 4155 2542 4225; baseline -0 -16"><span class='ocrx_word' id='word_1_591' title='bbox 302 4157 415 4211; x_wconf 79' lang='lat' dir='ltr'><strong>Toti</strong></span> <span class='ocrx_word' id='word_1_592' title='bbox 450 4158 573 4211; x_wconf 73' lang='lat' dir='ltr'><strong>huic</strong></span> <span class='ocrx_word' id='word_1_593' title='bbox 610 4159 676 4211; x_wconf 81' lang='lat' dir='ltr'><strong>de</strong></span> <span class='ocrx_word' id='word_1_594' title='bbox 713 4156 1046 4211; x_wconf 70' lang='lat' dir='ltr'><strong>Lami-ssione</strong></span> <span class='ocrx_word' id='word_1_595' title='bbox 1081 4155 1388 4209; x_wconf 68' lang='lat' dir='ltr'><strong>narrationi</strong></span> <span class='ocrx_word' id='word_1_596' title='bbox 1422 4167 1702 4225; x_wconf 65' lang='lat' dir='ltr'><strong>repugnat,</strong></span> <span class='ocrx_word' id='word_1_597' title='bbox 1740 4159 1883 4225; x_wconf 74' lang='lat' dir='ltr'><strong>quod</strong></span> <span class='ocrx_word' id='word_1_598' title='bbox 1922 4155 2185 4209; x_wconf 72' lang='lat' dir='ltr'><strong>Lamissio</strong></span> <span class='ocrx_word' id='word_1_599' title='bbox 2223 4157 2282 4208; x_wconf 77' lang='lat' dir='ltr'><strong>in</strong></span> <span class='ocrx_word' id='word_1_600' title='bbox 2311 4156 2542 4225; x_wconf 74' lang='lat' dir='ltr'><strong>proloqu</strong></span> 
     </span>
     <span class='ocr_line' id='line_1_51' title="bbox 294 4229 2542 4297; baseline -0 -14"><span class='ocrx_word' id='word_1_601' title='bbox 294 4231 473 4283; x_wconf 66' lang='lat' dir='ltr'><strong>Edicta·</strong></span> <span class='ocrx_word' id='word_1_602' title='bbox 510 4229 762 4284; x_wconf 75' lang='lat' dir='ltr'><strong>Rothart‘s</strong></span> <span class='ocrx_word' id='word_1_603' title='bbox 801 4239 1021 4284; x_wconf 75' lang='lat' dir='ltr'><strong>vocatur</strong></span> <span class='ocrx_word' id='word_1_604' title='bbox 1059 4247 1126 4282; x_wconf 84' lang='lat' dir='ltr'><strong>ex</strong></span> <span class='ocrx_word' id='word_1_605' title='bbox 1162 4246 1361 4297; x_wconf 78' lang='lat' dir='ltr'><strong>genere</strong></span> <span class='ocrx_word' id='word_1_606' title='bbox 1401 4231 1700 4297; x_wconf 76' lang='lat' dir='ltr'><strong>Gugingus.</strong></span> <span class='ocrx_word' id='word_1_607' title='bbox 1787 4229 1919 4283; x_wconf 76' lang='lat' dir='ltr'><strong>Orto</strong></span> <span class='ocrx_word' id='word_1_608' title='bbox 1955 4229 2165 4282; x_wconf 72' lang='lat' dir='ltr'><strong>videtur</strong></span> <span class='ocrx_word' id='word_1_609' title='bbox 2204 4246 2269 4283; x_wconf 74' lang='lat' dir='ltr'><strong>ex</strong></span> <span class='ocrx_word' id='word_1_610' title='bbox 2308 4230 2542 4283; x_wconf 74' lang='lat' dir='ltr'><strong>nomine.</strong></span> 
     </span>
     <span class='ocr_line' id='line_1_52' title="bbox 298 4302 1668 4372; baseline 0.002 -20"><span class='ocrx_word' id='word_1_611' title='bbox 298 4302 376 4369; x_wconf 81' lang='lat' dir='ltr'><strong>Of.</strong></span> <span class='ocrx_word' id='word_1_612' title='bbox 413 4320 550 4371; x_wconf 78' lang='lat' dir='ltr'><strong>quae</strong></span> <span class='ocrx_word' id='word_1_613' title='bbox 593 4304 714 4369; x_wconf 82' lang='lat' dir='ltr'><strong>Leo,</strong></span> <span class='ocrx_word' id='word_1_614' title='bbox 756 4304 991 4371; x_wconf 68' lang='lat' dir='ltr'><strong>Beovuh‘</strong></span> <span class='ocrx_word' id='word_1_615' title='bbox 1014 4321 1075 4370; x_wconf 80' lang='lat' dir='ltr'><strong>p.</strong></span> <span class='ocrx_word' id='word_1_616' title='bbox 1115 4304 1201 4368; x_wconf 87' lang='grc'><strong>31,</strong></span> <span class='ocrx_word' id='word_1_617' title='bbox 1241 4302 1513 4372; x_wconf 69' lang='lat' dir='ltr'><strong>congessit.</strong></span> <span class='ocrx_word' id='word_1_618' title='bbox 1554 4304 1668 4356; x_wconf 85' lang='lat' dir='ltr'><strong>BE.</strong></span> 
     </span>
    </p>
   </div>
   <div class='ocr_carea' id='block_1_5' title="bbox 2559 1935 2739 1983">
    <p class='ocr_par' dir='ltr' id='par_1_7' title="bbox 2559 1935 2739 1983">
     <span class='ocr_line' id='line_1_53' title="bbox 2559 1935 2739 1983; baseline -0.011 0"><span class='ocrx_word' id='word_1_619' title='bbox 2559 1935 2576 1956; x_wconf 74' lang='lat'><strong>&#39;</strong></span> <span class='ocrx_word' id='word_1_620' title='bbox 2621 1938 2739 1983; x_wconf 47' lang='lat' dir='ltr'><strong>Ab.</strong></span> 
     </span>
    </p>
   </div>
  </div>
 </body>
</html>
