3042 4909
526 446 746 497 PAULI
787 447 1135 499 HISTORIA
1174 447 1846 501 LANGOBARDORUM.
1923 450 2065 500 LIB.
2105 450 2209 501 111.
2400 452 2498 501 121

262 634 567 678 coronam
611 626 987 701 accepturus
1032 626 1225 698 esset,
1280 628 1589 701 eumque¹
1635 615 1818 680 iuxta
1860 616 2380 682 consuetudinem
2424 618 2508 684 ad

261 696 700 784 spectaculum
742 700 894 763 circi
923 697 1198 784 populus
1230 708 1616 784 expectaret,
1657 698 1922 763 insidias
1967 700 2023 764 ei
2056 720 2443 785 praeparans
2461 712 2505 784 ⁸¹,

261 791 336 846 ut
364 781 783 846 Iustinianum
850 782 1077 847 Iustini
1104 792 1423 868 nepotem,
1467 781 1552 846 ad
1589 782 1961 868 dignitatem
1991 783 2505 869 imperatoriamb

265 864 667 931 sublimaret:
732 832 837 932 ilse
903 889 1020 952 per
1070 864 1215 932 loca
1272 877 1493 932 sancta
1550 866 1772 952 prius⁰
1829 867 2217 953 procedens,
2276 869 2506 933 dehinc

261 959 563 1013 vocatum
587 950 615 992 ἃ
645 949 729 1014 ad
759 973 827 1015 se
857 949 1228 1037 pontificem
1258 951 1453 1033 urbis,
1493 972 1640 1015 cum
1672 949 2038 1016 consulibus
2067 972 2144 1015 ac
2171 952 2505 1038 praefectis

261 1032 573 1117 palatium
617 1035 970 1119 ingressus,
1017 1033 1318 1099 indutus⁰
1364 1056 1679 1120 purpura,
1740 1033 2099 1099 diademate
2145 1047 2500 1119 coronatus,

260 1115 491 1181 throno
534 1116 888 1203 imperialis
930 1117 1275 1204 inpositus,
1330 1139 1476 1182 cum
1520 1118 1827 1183 inmensis
1870 1117 2167 1183 laudibus
2211 1121 2278 1183 in
2322 1123 2502 1207 regni

259 1210 358 1266 est
425 1199 628 1287 gloria
699 1201 1109 1266 confirmatus
1125 1213 1172 1266 8.
1287 1201 1480 1283 Quod
1552 1203 1686 1266 eius
1757 1202 2104 1267 adversarii
2174 1203 2503 1271 audientes

258 1284 543 1371 nihilque
621 1286 704 1368 ei,
784 1286 893 1372 qui
958 1286 1026 1349 in
1090 1286 1233 1351 Deo
1308 1308 1490 1385 spem
1566 1307 1750 1349 suam
1816 1297 2132 1372 posuerat,
2199 1287 2500 1354 officere¹¹

257 1367 576 1451 valentes,
635 1390 867 1455 magno
925 1380 1074 1435 sunt
1130 1369 1519 1434 confusionis
1570 1369 1817 1454 pudore
1879 1371 2185 1456 cooperti.
2272 1373 2503 1438 Trans-

260 1454 423 1517 actis
465 1463 678 1518 autem
722 1453 949 1539 paucis
995 1452 1224 1518 diebus
1268 1453 1614 1519 adveniens
1655 1453 2070 1536 Iustinianus,
2112 1454 2384 1541 pedibus
2435 1481 2503 1522 se

256 1537 527 1624 proiecit
566 1537 985 1622 imperatoris,
1038 1538 1119 1603 ob
1180 1539 1472 1604 meritum
1517 1537 1761 1624 gratiae
1807 1536 2202 1624 quindecimi
2262 1541 2320 1604 ei
2364 1543 2502 1606 auri

262 1622 672 1686 centenariak
719 1621 1026 1687 deferenS.
1116 1621 1325 1702 Quem
1371 1622 1505 1686 ille¹
1553 1621 1907 1686 secundum
1951 1623 2298 1707 patientiae
2349 1646 2500 1690 suae

253 1704 449 1769 ritum
482 1703 803 1791 colligenS,
848 1705 970 1770 sibi
1016 1706 1082 1769 in
1111 1705 1346 1792 palatio
1377 1708 1672 1771 assistere
1701 1707 1902 1771 iussit.
2011 1705 2247 1794 Sophia
2265 1720 2304 1750 ‘¹¹
2348 1730 2499 1773 vero

254 1809 337 1852 au
388 1798 550 1872 usta,
611 1790 924 1853 inmemor
964 1790 1401 1874 promissionis
1445 1801 1671 1876 quamn
1702 1790 2019 1854 condam⁰
2061 1791 2128 1854 in
2172 1790 2499 1858 Tiberium

255 1870 337 1935 ha
387 1883 593 1954 uerat,
653 1872 917 1937 insidias
970 1875 1029 1937 ei
1070 1875 1408 1974 temptavit
1448 1876 1760 1959 ingerere.
1847 1875 2239 1940 Procedente
2282 1887 2498 1942 autem

258 1977 333 2021 eo
379 1956 463 2021 ad
504 1955 748 2039 villam,
809 1968 879 2022 ut
934 1957 1117 2023 iuxta
1174 1968 1367 2023 ritum
1414 1956 1783 2044 imperialel’
1843 1958 2112 2043 triginta,
2148 1958 2372 2026 diebus
2415 1961 2500 2027 ad

254 2040 645 2105 vindemiam
706 2040 1186 2124 iocundaretur,
1258 2050 1486 2107 vocato
1554 2041 1760 2105 clam‘l
1813 2036 2172 2107 Iusti'niano
2190 2054 2232 2125 r,
2298 2044 2498 2110 voluit

252 2145 402 2188 eum
460 2123 841 2190 sublimare²
900 2127 965 2188 in
1028 2147 1244 2210 regno.
1332 2126 1477 2207 Quo
1538 2146 1680 2189 com
1733 2134 1898 2206 ert0,
1957 2125 2251 2190 Tiberius
2308 2149 2500 2193 cursu

251 2206 461 2272 veloci
487 2207 1103 2294 Constantinopolim
1126 2209 1482 2294 regreditur
1502 2210 1702 2308 adpre
1750 2230 2095 2308 ensamque
2119 2221 2492 2294 augustam⁸

254 2293 552 2358 omnibus
597 2293 905 2357 thesauris
936 2291 1251 2377 spoliavit,
1298 2293 1501 2357 solum
1546 2314 1604 2356 ei
1632 2293 1841 2357 victus
1872 2292 2199 2358 cottldia-ni
2239 2293 2497 2360 alimen-

253 2384 395 2439 tum
466 2375 847 2462 relinquens.
939 2378 1437 2463 Segregatisque
1492 2376 1709 2462 pueris
1754 2376 1894 2439 eius
1939 2377 2020 2441 ab
2067 2397 2171 2458 ea,
2216 2374 2372 2442 alios
2417 2378 2496 2442 de

252 2458 548 2525 fidelibus
592 2461 723 2524 suis
765 2462 1011 2545 posuit,
1075 2461 1185 2545 qui
1231 2462 1325 2525 ei‘
1369 2468 1683 2546 parerent,
1737 2459 2047 2524 mandans
2092 2481 2370 2544 prorsus,
2428 2474 2499 2528 ut

252 2542 466 2607 nullus
532 2543 610 2609 de
660 2544 1128 2609 anterioribusu
1186 2543 1269 2608 ad
1315 2566 1456 2610 eam
1499 2543 1766 2608 haberet
1807 2564 2153 2608 accessum.
2241 2543 2497 2609 Iustini-

251 2649 450 2690 a-num
494 2649 644 2692 vero
695 2626 907 2693 verbis
951 2627 1351 2693 solummodo
1398 2626 1806 2713 obiurgatum
1851 2636 2025 2692 tanto
2071 2628 2138 2691 in
2173 2638 2497 2714 posterum

249 2731 468 2776 amore
513 2710 768 2794 dilexit,
824 2723 895 2778 ut
936 2711 1067 2778 filio
1112 2714 1248 2777 eius
1294 2711 1489 2776 filiam
1533 2732 1714 2776 suam
1826 2713 2178 2778 romitteret
2219 2735 2496 2777 rursum·

297 2817 378 2859 ue
431 2793 561 2858 filio
619 2817 733 2860 suo
790 2796 986 2860 filiam
1045 2798 1179 2862 eius
1239 2805 1584 2883 expeteret.
1676 2795 1757 2861 Se
1861 2794 2018 2861 haec
2069 2818 2203 2878 res„
2261 2808 2496 2883 quam³

250 2818 336 2944 1(lb
382 2900 643 2943 causam
673 2881 909 2962 nescio,
954 2880 1036 2944 ad
1068 2880 1360 2946 effectum
1391 2880 1654 2944 minime
1684 2880 1991 2967 pervenit.
2077 2880 2289 2945 Huius
2321 2904 2496 2946 exer-

250 2963 416 3027 citus
446 2963 570 3028 ab⁴
600 2984 673 3028 eo
698 2963 974 3030 directus
998 2966 1226 3029 Persas
1248 2964 1685 3051 potentissime
1708 2962 2077 3046 debellavit3
2123 2968 2146 2993 *
2167 2967 2372 3031 victor
2417 2988 2497 3032 ue

247 3046 651 3132 regrediens,
712 3056 953 3112 tantam
996 3048 1267 3113 molemv
1311 3048 1589 3134 praedae
1635 3069 1782 3113 cum
1825 3049 2053 3133 viginti
2096 3051 2334 3134 pariter
2376 3072 2409 3115 e
2437 3072 2497 3114 e-

246 3130 440 3278 gintis
485 3129 728 3214 detulit,
771 3141 896 3196 utw
939 3132 1255 3197 humanae
1300 3132 1664 3198 crederetur
1707 3152 1894 3217 posse
1939 3132 2273 3198 sufficere¹
2322 3135 2494 3220 cupi-

296 3214 454 3278 itati.

2520 2976 2589 3031 Ἴ).
2625 2980 2722 3021 100.

251 3377 296 3431 ει)
328 3382 609 3428 properante
641 3377 816 3429 Sophia
848 3380 882 3421 Ο
915 3380 958 3419 3.
1078 3378 1124 3432 b)
1156 3379 1456 3429 imperatoria
1488 3378 1524 3417 F
1546 3379 1587 3418 1.
1711 3375 1752 3427 e)
1785 3378 1996 3427 protinus
2028 3378 2068 3419 A
2092 3379 2131 3418 8.
2253 3378 2298 3431 d)
2332 3384 2522 3422 vocato-

253 3458 306 3467 —
328 3437 548 3487 pontifice
583 3437 617 3479 O
649 3438 722 3479 4b.
757 3439 798 3477 D
832 3440 871 3479 9..
906 3435 997 3479 Ἔα.
1037 3439 1105 3479 10.
1141 3437 1181 3478 G
1213 3437 1289 3487 5⁰3
1322 3441 1483 3477 vocato
1525 3456 1569 3466 —
1606 3435 1871 3486 pontificem
1902 3434 1943 3474 A
1976 3435 2020 3476 8.
2054 3436 2089 3478 C
2124 3433 2192 3486 ἰς
2226 3438 2493 3488 pontificum

252 3494 295 3537 G
328 3496 369 3536 3.
402 3496 443 3536 4.
582 3494 624 3547 e)
660 3497 690 3536 i.
726 3500 797 3538 est
840 3519 889 3528 -—
932 3502 1178 3538 coronatus
1211 3500 1281 3536 est
1313 3500 1354 3541 G
1386 3496 1427 3536 2.
1566 3493 1602 3546 f)
1637 3494 1893 3544 imperialis
1925 3495 1961 3533 F
1996 3497 2035 3533 1.
2173 3493 2220 3546 g)
2255 3501 2325 3536 est
2355 3498 2495 3537 subli-

250 3558 401 3595 matus
432 3556 470 3595 B
507 3557 548 3598 1.
666 3552 713 3607 h)
748 3555 931 3596 efficere
976 3556 1015 3596 A
1048 3557 1089 3596 4.
1118 3556 1156 3596 F
1190 3558 1211 3595 1
1262 3566 1282 3593 e
1313 3565 1442 3601 corr„
1491 3556 1527 3591 ee
1559 3553 1621 3592 ita
1651 3553 1686 3591 F
1721 3554 1762 3595 2.
1793 3554 1835 3593 4.
1871 3554 1892 3592 1
1926 3554 1966 3593 2.
2000 3554 2051 3602 83
2098 3553 2183 3593 hoe
2214 3554 2368 3595 facere
2401 3566 2494 3595 nou

251 3625 295 3654 v.
327 3624 443 3654 corr.
477 3613 665 3655 officere
697 3626 739 3655 v.
773 3615 814 3654 D
854 3617 897 3664 13
930 3625 1096 3656 nocere
1130 3616 1169 3654 D
1205 3614 1255 3663 23
1287 3613 1377 3654 val.
1412 3613 1523 3651 deese
1557 3610 1655 3652 (33.
1691 3613 1717 3650 4
1751 3610 1865 3665 (poet
1896 3609 2037 3663 add).
2159 3610 2194 3663 i)
2228 3613 2493 3661 quindecim

255 3694 307 3704 -
358 3673 632 3722 argentique
684 3674 919 3714 decoravit
964 3674 1063 3727 (IV,
1112 3671 1185 3724 21)
1237 3673 1322 3711 ἀει.
1368 3670 1410 3710 Α
1441 3671 1493 3721 8,
1545 3671 1828 3720 quaternione
1873 3680 1962 3710 uno
2009 3671 2072 3709 vel
2115 3671 2282 3710 duobus
2325 3672 2492 3712 evulsis.

248 3728 298 3783 k)
334 3731 505 3775 contin.
539 3731 579 3771 A
615 3734 664 3782 ις
712 3734 919 3774 centaria
948 3733 984 3772 F
1019 3734 1058 3774 1.
1094 3731 1136 3772 G
1169 3734 1207 3771 1.
1359 3728 1394 3782 l)
1428 3730 1539 3769 deest
1572 3727 1613 3769 G
1644 3728 1687 3771 8.
1720 3731 1761 3770 4.
1911 3727 1974 3780 m)
2010 3730 2071 3769 ita
2115 3730 2235 3770 codd.
2280 3730 2357 3771 Ιιοο
2387 3732 2490 3771 loco.

250 3787 299 3839 n)
334 3799 426 3839 qua
458 3790 497 3830 A
532 3791 574 3830 2.
728 3790 772 3843 o)
806 3792 867 3831 ιἰα
899 3790 939 3831 Α
974 3793 1012 3830 1.
1050 3788 1108 3832 ’2.
1142 3791 1186 3830 4.
1221 3790 1257 3830 Ε
1293 3792 1342 3839 13
1389 3788 1622 3839 quandam
1656 3788 1697 3830 G
1732 3789 1869 3838 1—43
1917 3789 2150 3838 quondam
2182 3800 2202 3828 e
2232 3800 2342 3832 corr.
2379 3791 2416 3829 F
2452 3792 2491 3833 1.

248 3847 297 3899 p)
328 3849 390 3887 ita
422 3848 462 3888 A
501 3851 538 3890 1.
573 3849 617 3890 2.
651 3850 692 3889 4.
726 3849 767 3893 5.
803 3850 838 3892 C
875 3854 914 3891 1.
948 3851 989 3890 D
1026 3852 1064 3890 1.
1097 3850 1134 3889 F
1169 3852 1209 3893 1.
1256 3859 1350 3889 cum
1382 3847 1507 3898 Gna.
1542 3847 1662 3890 codd.
1818 3845 1864 3899 q)
1898 3846 1990 3887 iam
2024 3846 2064 3888 G
2098 3849 2119 3887 1
2171 3847 2303 3902 (corr.
2339 3846 2493 3901 clam).

250 3903 310 3948 ’2.
347 3907 387 3948 2.
423 3907 466 3948 8.
501 3907 551 3957 43
600 3918 658 3949 ea
690 3908 727 3947 G
763 3909 844 3959 5⁸3
892 3910 949 3949 ab
984 3919 1041 3950 ea
1074 3907 1115 3949 G
1146 3909 1286 3957 5b.c;
1333 3907 1558 3948 absconse
1590 3907 1627 3946 L
1662 3908 1700 3948 1.
1855 3905 1894 3957 r)
1927 3907 2104 3947 Iustino
2138 3906 2173 3948 C
2208 3910 2252 3957 ις
2287 3907 2491 3948 Iustiano

250 3965 291 4004 D
327 3967 349 4004 1
383 3965 553 4016 ubique.
691 3965 735 4020 s)
764 3971 930 4018 agusta
957 3969 994 4008 F
1030 3969 1070 4010 1.
1206 3965 1240 4019 t)
1272 3967 1339 4007 eis
1378 3965 1420 4006 A
1453 3967 1494 4011 2.
1529 3967 1565 4005 F
1600 3968 1639 4007 1.
1775 3962 1823 4017 ιι)
1857 3967 1939 4006 lut.
1974 3964 2013 4005 A
2045 3964 2106 4007 ·3.
2244 3963 2290 4017 v)
2323 3967 2494 4006 molam

250 4021 377 4072 A·2;
410 4028 542 4065 tauta
573 4026 740 4067 molem
771 4027 960 4077 predem
991 4027 1028 4067 1²*
1048 4030 1095 4076 13
1126 4030 1255 4066 tanto
1287 4026 1408 4065 mole
1442 4026 1477 4065 (ἶ
1504 4026 1544 4067 1.
1579 4022 1639 4065 ’2.
1677 4026 1716 4066 8.
1751 4026 1801 4073 4;
1833 4029 1959 4066 tante
1992 4025 2126 4064 molis
2157 4024 2346 4074 predam
2376 4023 2490 4065 1³⁶2.

250 4081 311 4134 w)
345 4086 396 4124 ut
426 4084 535 4124 deest
565 4084 602 4124 Ρ
638 4085 686 4135 1;
732 4090 784 4125 ut
829 4097 931 4126 eum
978 4097 1090 4127 corr.
1125 4089 1175 4126 ut
1205 4086 1284 4125 vix
1318 4084 1359 4125 G
1393 4086 1440 4135 13
1487 4089 1538 4124 ut
1584 4085 1628 4126 h.
1664 4095 1701 4126 e.
1733 4085 1817 4126 des.
1854 4083 1895 4125 G
1927 4086 1969 4135 4,
2015 4083 2092 4122 ubi
2136 4094 2248 4123 corr.
2295 4084 2491 4133 scrip-⁹¹⁸3:

251 4146 426 4192 quanta
457 4153 570 4185 suae
602 4148 770 4194 posset.
894 4142 942 4196 x)
976 4144 1211 4185 sufficeret
1239 4145 1276 4184 F
1313 4146 1352 4186 1.

254 4260 308 4329 1)
349 4263 438 4315 Ex
478 4263 635 4332 (ἶνες.
685 4263 809 4316 Tur.
867 4263 920 4329 V,
961 4265 1048 4329 30,
1079 4264 1276 4331 paucis
1315 4271 1523 4314 tantum
1563 4262 1731 4316 verbis
1771 4260 2002 4313 mutatis.
2189 4261 2244 4325 2)
2287 4263 2490 4328 erigere

250 4336 305 4386 in
343 4338 625 4405 imperium
667 4337 823 4404 (ἶνες).
975 4335 1034 4404 3)
1074 4354 1232 4405 quam
1272 4338 1338 4388 ob
1382 4352 1598 4389 causam
1638 4337 1820 4388 nescio
1861 4333 2081 4386 Paulus.
2233 4336 2289 4399 4)
2331 4336 2398 4387 ab
2427 4350 2489 4386 eo

251 4409 509 4473 directus,
549 4411 914 4479 potentissime
954 4409 1176 4463 Paulus.
