3042 4909
598 395 820 448 PAULI
858 396 1205 449 HISTORIA
1243 396 1912 450 LANGOBARDORUM.
1986 398 2128 451 LIB.
2167 399 2231 451 V.
2452 399 2553 451 188

324 570 513 628 suos⁸¹
554 560 910 627 lectaricios
955 570 1018 627 et
1060 560 1430 627 culcitramb
1475 563 1885 651 ursinamque
1918 562 2147 650 pellem
2190 585 2385 651 supra
2411 566 2552 632 dor·

323 667 465 710 sum
522 666 598 710 ac
666 646 981 711 cervicem
1045 647 1357 712 Perctarit
1419 647 1733 732 inposuit,
1799 669 2073 733 eumque
2140 670 2222 712 ex
2284 647 2548 714 consilio

323 727 505 815 quasi
582 729 973 794 rusticanum
1045 751 1299 794 servum
1363 741 1547 795 extra
1614 731 1869 795 ianuam
1947 728 2249 816 inpellere
2320 734 2547 818 coepit,

319 811 680 898 multasque
724 813 822 877 ei⁰
866 811 1128 877 iniurias
1171 812 1429 895 faciens,
1473 813 1639 878 fuste
1683 835 1830 879 eum
1872 813 2129 913 insuper
2146 814 2176 857 ‘¹
2217 824 2547 902 percutere

319 894 631 982 desuper0
688 903 751 960 et
805 917 883 959 ur
929 896 1118 960 ueref
1168 917 1298 960 non
1354 895 1675 979 cessabat,
1733 897 1822 961 ita
1871 906 1943 962 ut
2009 897 2300 983 inpulsus
2355 907 2547 985 atque

316 979 482 1043 ictus
540 979 794 1064 saepius
839 1001 878 1042 a
975 987 1204 1045 terram
1253 989 1593 1043 corrueret.
1682 978 1975 1066 Cumque
2034 979 2308 1045 eundem
2348 979 2546 1046 Unul-

316 1059 452 1125 fum
492 1062 702 1147 regiiss
745 1060 1065 1144 satellites,
1121 1062 1230 1148 qui
1273 1061 1357 1126 ad
1401 1062 1802 1127 custodiamh
1845 1064 2040 1162 positi
2083 1073 2295 1147 erant,
2341 1064 2546 1150 requi-

313 1154 555 1226 rerent,
599 1143 754 1230 quid
796 1144 919 1209 hoc
961 1153 1158 1210 esset:
1213 1144 1470 1211 ‘Servus
1501 1144 1656 1227 iste’,
1699 1146 1925 1232 inqult,
1972 1152 2269 1246 ‘nequam
2310 1145 2546 1212 lectum

315 1226 470 1292 mihi
492 1228 558 1290 in
587 1226 880 1293 cubiculo
912 1227 1148 1292 ebriosi
1175 1228 1358 1293 istius
1388 1228 1699 1294 Perctarit
1728 1230 1964 1312 statuit,
2010 1251 2121 1315 qui
2171 1230 2269 1294 ini
2303 1240 2546 1295 tantum

313 1311 507 1375 vino¹¹
561 1309 788 1396 plenus
833 1313 996 1394 estl,
1057 1321 1129 1376 ut
1186 1312 1370 1397 quasi
1426 1323 1713 1376 mortuus
1767 1311 1855 1377 ita
1908 1313 2117 1378 cubet.
2218 1311 2347 1378 Sed
2393 1314 2544 1377 satis

313 1403 426 1475 est,
473 1393 646 1492 quod
689 1395 825 1459 eius
866 1415 1040 1458 nunc
1084 1415 1288 1494 usque
1317 1395 1661 1459 amentiam
1705 1405 1963 1460 secutus
2007 1417 2169 1478 sum,
2213 1396 2342 1459 iam
2373 1394 2545 1461 dein-

312 1497 464 1574 ceps
507 1498 575 1540 in
616 1477 750 1541 vita
791 1477 1011 1542 domni
1054 1499 1224 1563 regis
1268 1478 1337 1542 in
1379 1477 1569 1542 domo
1615 1477 1876 1564 propria
1917 1476 2225 1543 manebo'.
2313 1478 2542 1543 Haec¹¹¹

309 1557 401 1622 ilh
443 1559 770 1626 audientes
813 1571 877 1626 et
939 1582 1094 1625 vera
1159 1583 1322 1647 quae
1372 1562 1711 1626 audierant
1774 1583 1911 1626 esse
1978 1562 2338 1644 credenteS,
2395 1560 2543 1627 laeti

311 1641 518 1708 effecti
582 1653 749 1726 sunt,
817 1652 882 1709 et
944 1666 1092 1709 eum
1157 1645 1525 1730 pariterque
1585 1645 1912 1725 Perctarit,
2024 1667 2172 1710 uem
2232 1644 2545 1730 putabant

308 1746 566 1791 servum
623 1734 686 1792 et
742 1728 895 1813 qui¹¹
955 1735 1265 1813 opertum,
1330 1749 1410 1792 ne
1461 1738 1933 1814 agnosceretur,
2041 1727 2276 1793 abebat
2330 1738 2541 1814 caput,

304 1806 519 1873 locum
560 1807 724 1874 illiso
770 1810 1012 1893 dantes,
1072 1809 1247 1875 abire
1291 1811 1730 1909 permiserunt.
1817 1811 1948 1875 Illis
1992 1821 2208 1876 autem
2258 1809 2543 1876 abeunti-

305 1890 446 1974 bus,
496 1892 832 1959 vestiarius
888 1891 992 1958 ille
1060 1892 1495 1975 fideliss1mus,
1571 1895 1903 1960 obseratol’
1962 1892 2294 1979 diligenter
2351 1895 2539 1971 ostiO,

304 1975 609 2040 remansit
649 1976 1028 2041 intrinsecus
1075 1975 1265 2041 solus.
1346 1975 1661 2042 Unulfus‘l
1691 1998 1844 2041 vero
1873 1978 2191 2041 Perctarit
2233 1976 2313 2041 de
2355 1998 2537 2041 muro

303 2057 539 2144 anguli,
586 2060 696 2146 qui
739 2069 835 2124 est
862 2081 902 2123 a
942 2068 1121 2144 parte
1152 2059 1399 2124 Ticinir
1442 2059 1743 2140 fluminis,
1788 2082 1903 2145 per
1943 2059 2196 2124 funem⁸
2242 2059 2540 2144 deposuit

302 2141 491 2227 eique
536 2163 695 2228 quos
750 2143 959 2227 potuit
1014 2142 1221 2207 socios
1265 2144 1616 2207 coniunxit.
1706 2143 1861 2223 Qui,
1919 2144 2187 2228 arreptis
2232 2163 2393 2228 quos
2437 2143 2537 2206 in‘

301 2234 489 2310 pastu
528 2226 902 2290 invenerant
938 2246 973 2289 e
1019 2226 1139 2307 uis,
1183 2225 1405 2290 eadem
1435 2237 1624 2291 nocte
1652 2225 1737 2289 ad
1765 2225 2148 2290 Astensem¹¹
2194 2237 2539 2311 properant

302 2307 651 2391 civitatem,
715 2309 783 2372 in
835 2330 962 2394 qua
1065 2308 1320 2373 erctarit
1361 2309 1554 2373 amici
1615 2306 1960 2372 manebant
2009 2318 2073 2373 et
2136 2308 2275 2393 qui*
2327 2307 2537 2373 adhuc

305 2388 679 2456 Grimualdo
735 2389 1001 2457 rebelles
1059 2390 1384 2457 extabant.
1485 2390 1740 2456 Deinde
1799 2390 2165 2476 quantotius
2224 2391 2537 2457 Perctarit

304 2473 766 2540 Taurinensem
823 2476 1048 2541 urbem
1104 2483 1348 2559 petens,
1407 2495 1484 2538 ac
1544 2486 1689 2561 post
1742 2472 2016 2538 claustra
2072 2471 2293 2538 Italiae
2335 2484 2534 2538 trans-

298 2579 556 2643 gressus
568 2570 628 2641 W,
683 2558 1078 2623 Francorum
1136 2556 1265 2622 ad¹
1323 2558 1596 2644 patriam
1650 2557 1958 2643 pervenit.
2059 2556 2296 2643 Sicque
2352 2557 2532 2621 Deus

298 2640 700 2740 omnipotens
744 2641 1160 2727 dispositione
1204 2640 1675 2706 misericordiae
1714 2648 1776 2704 et
1817 2640 2220 2704 innocentem
2263 2662 2303 2704 a
2331 2649 2533 2705 morte

297 2725 536 2821 eripuit
577 2734 641 2790 et
680 2747 897 2813 regem
929 2747 1012 2789 ex
1048 2725 1260 2789 animo
1289 2725 1458 2790 bona
1501 2724 1709 2789 facere
1755 2723 2116 2808 cupientem
2137 2735 2171 2778 Y
2213 2724 2295 2789 ab
2341 2723 2531 2788 offen·

297 2828 476 2872 sione
490 2818 514 2850 ²
560 2809 852 2874 servavit.

464 2891 522 2955 3.
607 2889 734 2955 Ata
783 2913 937 2956 vero
988 2914 1106 2957 rex
1157 2889 1489 2956 Grimoald
1561 2888 1715 2953 dum
1764 2890 2077 2955 Perctarit
2127 2889 2197 2953 in
2250 2889 2530 2974 hospitio

297 2995 416 3038 suo
463 2974 787 3100 qgiiescere
830 2985 1100 3060 putaret,
1143 2973 1225 3039 ab
1269 2973 1497 3039 eodem
1539 2973 1813 3059 hospitio
1857 2994 2063 3060 usque
2102 2971 2187 3036 ad
2228 2971 2532 3058 palatium

297 3078 487 3121 suum
581 3058 751 3122 acies
800 3057 1129 3122 hominum
1178 3056 1327 3121 hinc
1393 3068 1458 3122 et
1518 3056 1669 3120 inde
1734 3055 1984 3121 adstare
2049 3056 2229 3138 fecit,
2287 3065 2358 3119 ut
2417 3077 2534 3142 per

295 3160 517 3204 eorum
587 3139 838 3205 medio⁰
899 3141 1211 3206 Perctarit
1281 3139 1731 3222 deduceretur,
1820 3149 2130 3224 quatenus
2208 3139 2334 3204 effu
2384 3160 2489 3203 ere
2506 3138 2535 3181 ‘¹

295 3223 556 3287 minime
609 3224 873 3310 possit0.
962 3223 1254 3309 Cumque
1296 3245 1336 3287 a
1378 3244 1531 3308 rege
1573 3223 1751 3286 missi
1793 3222 2145 3303 venissent,
2192 3223 2304 3308 qui
2402 3242 2534 3286 erc-

296 3307 448 3371 tarit
488 3306 571 3371 ad
612 3305 917 3391 palatium
960 3306 1363 3387 evocarentf,
1418 3315 1480 3371 et
1536 3304 1621 3368 ad
1671 3305 1932 3386 ostium,
1991 3314 2165 3389 quot
2207 3326 2353 3369 eum
2397 3305 2533 3389 qui·

291 3517 340 3572 a)
373 3521 483 3561 dem
512 3521 564 3563 1³.
600 3519 654 3562 G.
689 3520 771 3561 18.
891 3517 939 3572 b)
972 3530 1102 3560 manu
1134 3519 1351 3560 &amica
1380 3528 1596 3569 super-scr.
1628 3517 1771 3557 hedi
1805 3512 1928 3558 6’2.
2051 3514 2092 3567 c)
2126 3517 2194 3556 eia
2226 3516 2263 3556 F
2285 3518 2323 3559 1.
2365 3516 2405 3557 G
2425 3518 2464 3560 1.
2487 3518 2531 3558 2·

292 3577 342 3631 d)
373 3579 483 3619 dem
515 3579 564 3620 0.
598 3579 654 3622 D.
778 3575 821 3629 e)
851 3589 1021 3618 eranum
1054 3578 1095 3619 G
1126 3579 1178 3628 83
1210 3579 1320 3618 dem
1353 3577 1394 3619 G
1427 3577 1496 3620 bc.
1617 3574 1653 3626 f)
1688 3585 1881 3624 arcuere
1913 3574 1954 3614 A
1986 3575 2024 3616 2.
2060 3575 2104 3613 D
2139 3576 2210 3616 la.
2246 3594 2299 3604 —
2333 3572 2531 3616 cessavit

290 3636 335 3678 A
367 3639 415 3688 23
445 3638 638 3679 accessit
666 3637 709 3677 A
740 3637 783 3678 8.
915 3634 961 3687 α)
993 3637 1094 3686 reci
1124 3637 1165 3677 A
1200 3638 1238 3677 2.
1270 3637 1312 3676 D
1347 3637 1416 3678 la.
1521 3637 1563 3676 1.
1598 3633 1639 3674 G
1670 3631 1731 3674 ’2.
1770 3634 1811 3673 2.
1846 3633 1896 3681 83
1950 3633 2064 3682 regu
2095 3643 2209 3674 corr.
2243 3633 2367 3682 racis
2402 3633 2443 3674 G
2475 3633 2529 3680 ις

290 3696 416 3746 recta
446 3695 488 3736 A
521 3696 562 3739 8.
595 3690 655 3738 ’4.
687 3696 728 3739 6.
762 3695 797 3737 Ο
832 3696 871 3735 2.
904 3696 977 3736 4b.
1012 3696 1053 3735 D
1087 3696 1130 3738 3.
1160 3695 1197 3735 F
1231 3691 1291 3736 ’2.
1326 3694 1371 3735 5.
1403 3694 1447 3734 Η
1480 3695 1524 3734 1.
1556 3693 1578 3732 1
1614 3693 1651 3732 2.
1786 3688 1834 3741 h)
1869 3701 1908 3733 c.
1940 3692 2040 3731 eiua
2072 3690 2113 3731 A
2144 3687 2209 3733 ’8.
2347 3690 2383 3743 i)
2417 3691 2529 3731 dem

290 3753 333 3793 A
365 3755 407 3795 2.
440 3753 481 3796 6
513 3754 551 3796 8.
641 3752 691 3805 k)
725 3755 884 3794 vinum
914 3753 951 3793 F
985 3755 1024 3794 1.
1118 3752 1153 3805 1)
1184 3753 1298 3793 dem
1329 3751 1364 3793 O
1396 3748 1461 3793 ’1.
1571 3749 1635 3803 m)
1667 3749 1795 3789 Haec
1829 3753 1982 3789 autem
2014 3749 2088 3789 im
2120 3750 2157 3789 B
2193 3752 2233 3790 1.
2335 3748 2383 3801 n)
2419 3751 2529 3800 quia

291 3810 328 3853 Ο
361 3814 400 3854 1.
438 3813 477 3853 2.
508 3812 579 3852 eb.
610 3812 653 3851 D
690 3813 761 3852 la.
796 3813 835 3853 2.
871 3810 961 3852 Ἔα.
995 3812 1018 3852 1
1051 3814 1090 3852 1.
1242 3808 1287 3864 o)
1320 3811 1391 3851 1111
1422 3809 1463 3850 A
1495 3809 1536 3851 8.
1571 3808 1613 3848 4.
1644 3809 1699 3850 Β.
1731 3808 1774 3847 D
1811 3809 1879 3848 la.
1917 3809 1959 3848 2.
1992 3804 2083 3849 ‘8a.
2116 3807 2153 3846 F
2185 3807 2227 3849 ὕ.
2263 3807 2305 3849 G
2336 3808 2374 3848 8.
2406 3808 2449 3848 Η
2485 3808 2528 3850 ὁ.

289 3868 341 3922 p)
373 3870 614 3911 observato
648 3870 682 3912 Ο
718 3871 757 3921 1,
787 3881 900 3912 corr.
935 3871 1145 3911 obserato
1178 3870 1219 3910 A
1251 3871 1296 3912 8.
1443 3867 1490 3921 q)
1524 3867 1745 3910 Unulmm
1777 3864 1819 3906 G
1850 3863 1911 3908 ’2.
1946 3867 1988 3906 2.
2133 3863 2172 3917 r)
2208 3866 2381 3907 ‘ricinia
2413 3867 2450 3906 F
2486 3869 2526 3906 1.

293 3926 332 3980 a)
361 3928 472 3969 mne
501 3929 538 3969 F
572 3930 614 3970 1.
766 3926 802 3979 t)
835 3930 884 3969 in
913 3939 959 3979 p.
992 3929 1075 3968 deo.
1108 3929 1163 3969 Η.
1302 3927 1351 3980 u)
1383 3927 1579 3968 Astenae
1610 3926 1646 3965 Γ
1682 3926 1721 3965 1.
1761 3944 1804 3955 -
1840 3935 1886 3975 p.
1922 3935 1958 3965 c.
1994 3924 2043 3964 in
2076 3934 2167 3973 qua
2198 3925 2248 3964 P.
2281 3925 2367 3965 dee.
2399 3925 2450 3966 F.
2487 3923 2528 3965 G

293 3986 406 4037 (poet
436 3987 578 4037 suppl.
612 3987 648 4026 F
682 3986 752 4038 1);
802 3988 896 4028 Ast.
945 3997 1032 4027 am.
1082 3988 1265 4027 domum
1312 3986 1530 4027 manebat
1579 3983 1845 4037 (manebant
1877 3981 1917 4022 G
1947 3981 1994 4033 4)
2029 3980 2070 4022 G
2102 3983 2141 4021 1.
2172 3978 2233 4023 ’2.
2268 3983 2307 4022 2.
2342 3985 2394 4031 43
2426 3980 2523 4022 Ast.

294 4045 526 4086 civitatem
557 4055 648 4087 am.
681 4045 867 4086 domum
911 4045 1123 4095 pervenit
1155 4045 1196 4086 G
1226 4046 1282 4095 83
1327 4046 1426 4087 Ast.
1469 4043 1628 4084 urbem
1676 4041 1755 4081 nbi
1786 4041 1924 4081 amici
1955 4041 2053 4080 eius
2086 4041 2334 4080 manebant
2364 4050 2526 4091 perve-

293 4108 463 4144 nerunt
494 4103 675 4145 Gba.c.
765 4104 812 4155 v)
847 4102 1013 4153 quiaA
1032 4105 1056 4144 2
1087 4102 1218 4156 (corr.
1253 4102 1367 4155 qui).
1400 4104 1438 4143 B
1460 4103 1500 4143 1.
1526 4101 1590 4150 G3
1619 4101 1731 4140 dom
1765 4099 1872 4147 A63
1904 4103 1950 4139 et
1968 4118 2019 4128 -
2039 4098 2260 4138 extabant
2290 4098 2376 4140 dee.
2394 4098 2445 4140 0.
2465 4099 2524 4138 D.

295 4159 357 4214 w)
388 4166 725 4211 transgressum
756 4162 797 4202 A
836 4163 876 4202 1.
994 4160 1043 4213 x)
1077 4172 1105 4202 a
1134 4162 1171 4201 F
1196 4164 1233 4204 1.
1351 4159 1399 4213 y)
1434 4161 1681 4201 facientem
1714 4158 1764 4207 C,
1795 4168 1909 4198 corr.
1941 4157 2093 4197 facere
2127 4158 2389 4207 cupientem
2421 4157 2462 4197 D
2485 4158 2527 4198 1.

296 4217 339 4271 ι)
373 4219 674 4261 offensionem
705 4220 742 4259 F
776 4221 817 4260 1.
848 4218 947 4262 68.
980 4221 1023 4261 4.
1115 4216 1160 4272 a)
1190 4219 1261 4260 Ad
1292 4219 1390 4263 Al.
1426 4216 1538 4260 0‘1.
1630 4214 1677 4269 b)
1709 4217 1819 4256 deest
1849 4215 1901 4256 F.
1938 4213 1990 4257 G.
2020 4213 2109 4263 183
2144 4220 2396 4265 eoepuneeum
2427 4214 2464 4255 E
2485 4216 2523 4257 1.

298 4276 341 4329 c)
373 4279 436 4317 ita
466 4277 507 4318 A
540 4280 579 4320 1.
613 4278 657 4320 2.
690 4278 732 4318 4.
765 4278 803 4318 B
840 4280 880 4319 1.
916 4279 956 4319 2.
988 4279 1041 4321 F.
1077 4278 1140 4329 G3
1186 4278 1386 4320 medium
1431 4276 1569 4318 ceteri.
1721 4273 1766 4327 d)
1801 4272 1993 4322 effugit-e
2034 4273 2077 4312 D
2112 4274 2152 4319 1.
2299 4271 2342 4324 e)
2373 4276 2527 4324 posset

294 4336 352 4378 Β.
385 4336 435 4389 0,
466 4337 559 4380 alii.
680 4334 719 4388 f)
750 4340 1022 4378 revocarent
1049 4337 1087 4376 Ρ
1122 4339 1160 4379 1.
1283 4335 1329 4388 α)
1363 4349 1406 4387 q.
1439 4347 1480 4377 e.
1513 4347 1558 4385 q.
1592 4344 1637 4384 p.
1671 4333 1755 4372 dee.
1788 4329 1829 4372 A
1861 4332 1901 4372 8.
