3042 4909
513 433 734 488 PAULI
771 433 1120 486 HISTORIA
1157 433 1827 487 LANGOBARDORUM.
1903 435 2045 487 LIB.
2085 435 2129 488 I.
2375 435 2443 487 ⁷9

370 601 603 668 Libet⁸t
641 623 745 667 me
788 601 1067 666 breviter
1107 599 1359 684 referre,
1405 599 1582 688 quod
1624 601 1850 667 beatus
1878 598 2229 687 Gregorius
2272 623 2443 690 papa

201 685 468 751 minime
510 686 577 749 in
633 684 820 750 huius
879 684 1260 750 sanctissimi
1348 685 1500 750 atris
1536 684 1672 749 vita
1713 684 2063 771 descripsit.
2146 684 2445 774 Denique

203 790 350 833 cum
396 768 617 833 divina
659 769 1113 834 ammonitione
1142 789 1182 832 a
1213 705 1495 834 Sublacu
1536 768 1645 833 inb
1688 766 1876 851 hunc,
1924 767 2038 834 ubi
2079 770 2441 856 requiescit,

199 851 418 917 locum
489 875 560 918 er
579 852 1039 940 quinquaginta
1065 852 1267 918 ferme
1289 851 1466 917 milia
1492 851 1884 936 adventaret,
1914 863 2043 919 tres
2073 875 2221 918 eum
2250 854 2424 919 corvi

204 958 371 1024 quos
476 958 581 1002 ere
625 934 846 1001 solitus
877 945 1055 1001 erat⁰
1103 945 1254 1001 sunt
1283 936 1865 1003 circumvolitantes
1901 937 2122 1003 secuti.
2211 935 2336 1003 Oui

207 1042 397 1085 omne
425 1019 671 1085 bivium
692 1021 740 1104 ἅ,
784 1040 989 1107 usque
1034 983 1188 1084 dum
1205 1030 1230 1062 0
1274 1019 1400 1084 huc
1425 1021 1689 1105 veniret,
1734 1021 1861 1086 duo
1892 1019 2105 1121 angeli
2132 1021 2199 1085 in
2243 1020 2450 1107 figura

206 1104 519 1170 iuvenum
575 1113 985 1189 apparentes,
1062 1103 1472 1169 ostenderunt
1528 1104 1620 1188 ei,
1687 1126 1881 1192 quam
1938 1126 2113 1170 viam
2169 1107 2449 1191 arripere

208 1187 492 1254 deberet.
576 1188 655 1252 In
696 1186 837 1253 loco
881 1197 1096 1253 autem
1151 1188 1274 1253 isto
1329 1188 1591 1288 quidam
1633 1188 1761 1253 Dei
1804 1211 2025 1254 servus
2082 1198 2235 1254 tunc
2273 1187 2450 1253 habi-

209 1271 497 1337 taculum
540 1269 837 1355 habebat,
879 1268 963 1336 ad
993 1292 1184 1358 quem
1227 1271 1532 1338 divmitus
1573 1273 1663 1337 ita
1706 1272 1949 1338 dictum
1992 1282 2116 1338 est:

252 1379 258 1386 ·
589 1354 768 1420 ‘His‘
809 1364 882 1421 tu
922 1375 1116 1441 parce
1158 1354 1333 1437 locis,
1376 1355 1538 1422 alter
1577 1357 1819 1422 amicus
1861 1355 2078 1422 adest’.

209 1439 388 1504 Hieoe
445 1447 692 1522 autem,
750 1438 872 1503 hoc
925 1440 1063 1504 esth
1127 1439 1193 1504 in
1257 1438 1511 1506 Cassini
1574 1441 1819 1507 arcemi
1832 1488 1850 1521 ,
1915 1442 2322 1527 perveniens,
2386 1439 2453 1503 in

206 1544 449 1610 magna
491 1544 559 1587 se
603 1544 857 1610 semper
897 1521 1280 1589 abstinentia
1337 1525 1663 1590 coartavit.
1739 1524 1870 1591 Sed
1910 1524 2254 1611 praecipue
2299 1545 2452 1611 qua·

209 1606 614 1693 dragesimae
656 1613 941 1693 tempore
996 1605 1316 1673 inclausus
1362 1616 1426 1673 et
1479 1618 1762 1674 remotus
1803 1630 1843 1673 a
1900 1607 2125 1673 mundi
2183 1607 2453 1693 strepitu

209 1690 470 1755 mansit.
576 1690 757 1755 Haec
832 1690 1044 1756 omnia
1100 1713 1183 1756 ex
1247 1691 1452 1756 Marci
1520 1702 1751 1779 poetae
1821 1693 2102 1758 carmine
2170 1692 2449 1778 sumpsi,

212 1776 324 1861 qui
384 1772 470 1838 ad
513 1772 785 1839 cundem
828 1783 1075 1874 patrem
1116 1774 1242 1839 huc
1293 1777 1577 1859 veniens,
1621 1775 1882 1864 aliquod
1924 1797 2147 1842 versus
2203 1776 2272 1839 in
2315 1775 2452 1840 eius

192 1856 469 1923 laudem
523 1866 911 1943 composuit,
1019 1879 1135 1923 uos
1193 1859 1260 1923 in
1302 1859 1400 1924 his
1454 1857 1685 1926 libellis
1744 1881 1975 1927 cavens
2016 1859 2280 1924 nimiam
2321 1856 2456 1925 lon-

210 1941 569 2028 gitudinem
644 1942 905 2006 minime
1029 1943 1354 2028 escripsi¹.
1485 1942 1751 2009 Certum
1813 1952 2026 2010 tamen
2076 1952 2208 2026 est,
2285 1941 2456 2007 hunc

213 2026 545 2113 egregium
588 2035 834 2111 patrem
876 2035 1174 2091 vocatum
1218 2025 1479 2093 caelitus
1524 2029 1606 2094 ob
1624 2029 1654 2071 k
1699 2027 1819 2093 hoc
1847 2026 1932 2092 ad
1973 2027 2143 2092 hunc
2184 2025 2455 2092 fertilem

212 2108 430 2176 locum
474 2119 539 2175 et
566 2109 670 2174 cui
700 2110 915 2196 opima
942 2107 1126 2174 vallis
1156 2110 1440 2177 subiacet
1469 2110 1823 2195 advenisse,
1865 2120 1939 2176 ut
1964 2110 2070 2175 hic
2111 2108 2457 2175 multorum

216 2191 704 2277 monachorum,
765 2195 932 2259 sicut
974 2202 1039 2258 et
1095 2215 1265 2259 nunc
1306 2194 1451 2260 Deo
1494 2194 1788 2295 praesule
1831 2193 1999 2261 facta
2042 2203 2158 2276 est,
2197 2213 2457 2279 congre-

214 2279 392 2364 gatio
423 2276 621 2342 fieret.
706 2276 827 2342 His
871 2277 1128 2358 cursim,
1175 2298 1340 2365 quae
1383 2278 1735 2344 omittenda
1762 2301 1890 2344 non
1920 2287 2118 2361 erant,
2162 2278 2451 2359 narratis,

216 2362 300 2427 ad
342 2372 597 2427 nostrae
638 2361 866 2426 seriem
907 2370 1304 2427 revertamur
1344 2361 1663 2429 historiae.

384 2445 487 2511 27.
571 2444 780 2530 Igitur
816 2442 1109 2528 Audoin,
1170 2444 1251 2511 de
1308 2467 1435 2534 quo
1492 2446 2045 2533 praemiseramus,
2089 2443 2456 2530 Langobar-

215 2528 446 2596 dorum
503 2550 619 2593 rex
673 2527 1127 2595 Rodelindam¹
1183 2530 1251 2593 in
1300 2531 1703 2596 matrimonio
1719 2543 1763 2573 ¹¹¹
1806 2529 2030 2595 habuit
2048 2540 2106 2613 ²3
2189 2549 2355 2616 quae
2398 2528 2457 2594 ei

216 2611 477 2696 Alboin,
521 2614 732 2677 virum
774 2611 957 2680 bellis
1010 2622 1233 2700 aptum
1276 2622 1340 2680 et
1380 2636 1497 2701 per
1537 2614 1750 2679 omnia
1788 2623 2138 2696 strenuum,
2235 2612 2455 2711 eperit.

216 2697 511 2763 Mortuus
553 2697 771 2784 itaque
832 2707 927 2763 est
963 2696 1241 2782 Audoin,
1284 2718 1361 2763 ac
1406 2697 1635 2765 deinde
1677 2720 1903 2785 regum
1920 2710 1949 2741 '¹
1998 2698 2127 2761 iam
2216 2717 2456 2762 ecunus

216 2779 457 2848 Alboin
501 2780 585 2846 ad
611 2780 957 2881 regendam
984 2782 1258 2868 patriam
1302 2786 1325 2812 *
1343 2792 1717 2849 cunctorum
1744 2782 1910 2848 votis
1954 2781 2240 2847 accessit.
2328 2780 2458 2863 Qui
2475 2789 2491 2810 ⁶

218 2886 365 2950 cum
406 2865 902 2929 famosrsslmum
939 2875 1003 2931 et
1043 2865 1287 2932 viribus
1332 2865 1574 2932 clarum
1616 2866 1858 2954 ubique
1900 2887 2136 2930 nomen
2175 2864 2457 2948 haberet,

220 2947 622 3016 Chlotarius⁰
674 2970 792 3013 rex
843 2948 1240 3015 Francorum
1283 2948 1770 3020 Chlotsuindam
1787 2962 1833 3005 Ρ·
1852 2961 1876 2998 ⁸
1934 2951 1990 3016 ei
2036 2970 2219 3014 suam
2262 2946 2460 3014 filiam

218 3033 287 3098 in
329 3032 733 3098 matrimonio
751 3045 779 3086 ‘1
822 3033 1106 3098 sociavit.
1173 3034 1275 3099 De
1321 3055 1449 3121 qua
1494 3055 1690 3100 unam
1707 3046 1729 3078 Γ
1771 3041 2020 3100 tantum
2062 3031 2260 3097 filiam
2301 3032 2459 3119 Alp-

220 3116 516 3184 suindam
534 3127 555 3160 ⁸
636 3117 892 3181 nomine
962 3117 1187 3202 genuit
1196 3129 1242 3183 ⁴.
1358 3118 1541 3185 Obiit
1610 3119 1853 3184 interea
1909 3116 2289 3183 Turisindus
2342 3137 2459 3182 rex

221 3242 266 3296 a)
317 3254 476 3285 nevum
536 3254 631 3294 cap.
692 3242 872 3298 (XXVI.
926 3244 993 3284 vel
1034 3242 1173 3297 XXV)
1222 3244 1436 3295 incipiunt
1480 3244 1523 3286 A
1557 3247 1598 3287 8.
1633 3242 1694 3287 ’3.
1729 3246 1771 3286 3.
1820 3245 1854 3287 C
1889 3248 1927 3288 1.
1974 3245 2053 3285 cb.
2087 3244 2128 3287 ὅ.
2176 3245 2219 3286 D
2254 3245 2323 3284 la.
2364 3240 2454 3285 Ἕω.

220 3301 267 3355 b)
301 3304 333 3344 i.
366 3301 412 3345 h.
444 3302 532 3343 dee.
562 3303 600 3343 B
637 3305 675 3343 1.
799 3301 841 3355 c)
875 3307 1180 3345 consueverat
1211 3304 1245 3345 Ο
1279 3305 1318 3345 1.
1353 3304 1402 3353 83
1442 3305 1578 3345 sicuti
1620 3307 1957 3346 consueverant
1987 3304 2009 3344 1
2044 3307 2082 3344 1.
2201 3300 2248 3354 d)
2280 3303 2458 3344 bimum

218 3361 260 3402 A
292 3359 354 3414 ·8,
386 3372 501 3405 corr.
531 3361 706 3402 bivium
734 3359 779 3401 A
810 3362 859 3411 83
894 3363 1158 3404 convivium
1191 3362 1241 3404 C.
1274 3361 1333 3404 D.
1365 3363 1387 3403 1
1422 3363 1461 3403 1.
1493 3365 1534 3404 8.
1569 3363 1620 3413 83
1669 3373 1851 3405 omnem
1880 3363 2054 3404 vivium
2085 3363 2123 3403 E
2150 3363 2191 3403 1.
2226 3381 2279 3392 —
2313 3371 2459 3412 usque

223 3441 271 3452 -
308 3423 585 3471 apparentes
616 3421 700 3460 des.
730 3421 774 3460 D
806 3420 848 3462 8.
999 3419 1044 3472 e)
1076 3432 1122 3462 u.
1155 3421 1215 3462 ad
1244 3422 1334 3461 hue
1363 3426 1557 3464 veneret
1584 3433 1700 3462 cerr.
1735 3433 1778 3461 u.
1813 3432 1905 3470 quo
1936 3422 1995 3462 ad
2026 3422 2114 3461 huc
2145 3421 2325 3462 veniret
2354 3419 2396 3460 A
2417 3422 2459 3462 2.

220 3479 259 3533 f)
292 3489 443 3520 versus
473 3479 583 3519 deest
615 3478 650 3520 0
683 3480 727 3520 8.
818 3476 864 3531 g)
896 3479 999 3520 Huc
1028 3480 1053 3520 Ι
1072 3479 1155 3530 1b3
1186 3480 1308 3521 Huic
1341 3479 1375 3521 C
1397 3483 1439 3521 1.
1533 3478 1579 3532 h)
1613 3480 1776 3522 beatus
1806 3479 2089 3521 Benedictus
2114 3483 2214 3529 pou
2231 3479 2331 3521 add.
2351 3478 2394 3519 D
2415 3481 2456 3519 1.

222 3537 257 3591 i)
293 3548 400 3579 arce
430 3537 473 3577 A
503 3537 565 3580 8?
597 3534 657 3580 ‘4.
808 3534 858 3589 k)
892 3538 950 3579 ab
995 3537 1037 3579 A
1068 3535 1130 3580 ’3.
1281 3538 1316 3589 1)
1348 3538 1692 3581 Ruodelindam
1725 3538 1766 3580 G
1800 3540 1849 3589 83
1894 3538 2157 3579 Rodelinda
2186 3537 2223 3576 F
2257 3538 2298 3577 1.
2333 3535 2374 3578 G
2405 3538 2457 3587 13

220 3597 528 3638 Rodalindam
561 3595 602 3637 G
632 3596 710 3648 ὕες
742 3596 1171 3647 Rodelinquendam
1203 3596 1282 3651 (en
1313 3608 1334 3637 e
1363 3596 1501 3649 corr.)
1519 3597 1555 3640 C
1579 3600 1618 3639 1.
1742 3595 1805 3650 m)
1839 3597 2181 3638 matrimonium
2210 3597 2253 3635 D
2271 3595 2382 3639 5.F.
2403 3595 2456 3635 G.

224 3654 273 3709 n)
309 3666 467 3706 regum
498 3667 611 3696 corr.
643 3665 836 3705 regnum
866 3654 908 3696 A
942 3658 990 3706 ις
1021 3667 1216 3707 regnum
1246 3656 1288 3697 A
1319 3653 1381 3697 ⁸8.
1416 3656 1450 3697 C
1482 3653 1544 3698 ’1.
1576 3658 1650 3698 eb.
1686 3657 1728 3698 ὅ.
1757 3658 1796 3698 E
1831 3659 1872 3699 1.
1902 3657 1954 3699 P.
1990 3655 2043 3696 G.
2074 3654 2118 3695 Η
2140 3656 2178 3696 1.
2211 3654 2234 3694 1
2268 3656 2308 3696 1.
2344 3655 2459 3704 8.8;

223 3725 418 3765 regnum
451 3718 501 3755 ut
529 3715 623 3754 iam
653 3715 854 3755 diximus
884 3716 922 3755 Ε
958 3717 996 3755 1.
1118 3712 1164 3767 o)
1200 3714 1490 3757 chlotharius
1520 3715 1563 3757 A
1596 3716 1638 3759 8.
1670 3716 1713 3758 4.
1748 3715 1783 3757 0
1816 3718 1857 3758 1.
1893 3714 1934 3756 G
1969 3717 2016 3765 ις
2049 3713 2310 3755 clotharius
2341 3712 2384 3753 A
2416 3713 2457 3754 8.

223 3776 267 3815 D
300 3771 389 3815 Ἧι.
422 3775 464 3815 3.
498 3773 541 3816 ὕ.
590 3771 631 3813 G
662 3774 702 3816 8.
735 3774 777 3815 4.
810 3773 882 3815 δι.
900 3774 942 3816 b.
975 3775 1019 3818 Η
1052 3776 1100 3825 13
1151 3774 1461 3816 chlotthariue
1492 3775 1532 3816 Β
1567 3776 1614 3825 13
1657 3773 1981 3816 Oblodtharius
2026 3774 2062 3814 P
2097 3776 2147 3824 13
2193 3773 2460 3815 motharius

226 3832 268 3873 G
299 3833 352 3883 83
384 3832 630 3874 Letharius
659 3843 984 3883 nonnumquam
1016 3832 1050 3874 C
1070 3835 1110 3874 1.
1140 3834 1182 3874 D
1203 3835 1244 3875 8.
1278 3836 1321 3876 8.
1440 3830 1488 3885 p)
1523 3833 1883 3876 Ohlodsuindam
1913 3835 1950 3874 F
1970 3836 2009 3874 1.
2044 3831 2110 3882 G3
2143 3832 2460 3874 chlotsuidam

226 3890 261 3933 0
293 3888 365 3942 ἰς
411 3890 618 3933 chloths.
667 3890 702 3933 C
735 3893 785 3941 ις
835 3891 974 3933 Clota.
1020 3891 1064 3933 A
1096 3888 1157 3934 ’3.
1190 3894 1231 3933 D
1267 3895 1316 3943 13
1366 3891 1664 3934 Clotfundam
1694 3894 1738 3934 Η
1771 3896 1811 3936 1.
1961 3890 2008 3944 q)
2043 3892 2105 3932 ita
2152 3890 2192 3932 A
2226 3893 2268 3933 1.
2302 3887 2364 3932 ‘8.
2399 3888 2459 3932 ’3.

222 3951 261 3991 E
296 3953 337 3993 1.
369 3951 409 3991 P
440 3953 492 4001 13
534 3951 879 3992 matrimonium
908 3952 1044 3993 meri.
1164 3949 1203 4002 r)
1236 3961 1332 3993 una
1361 3951 1403 3992 A
1437 3954 1476 3994 1.
1512 3951 1554 3994 G
1586 3953 1629 3997 1.
1745 3951 1785 4004 s)
1817 3950 2153 4003 Alapsuindam
2194 3950 2236 3991 A
2270 3950 2313 3992 1.
2344 3950 2383 3990 B
2417 3949 2458 3991 8.

226 4010 248 4050 1
282 4011 338 4059 83
368 4010 641 4060 Alpsuidam
674 4009 709 4051 0
742 4005 812 4060 ‘13
844 4009 1149 4052 Albsuindam
1194 4009 1237 4051 A
1268 4011 1311 4052 8.
1358 4011 1394 4052 O
1427 4012 1467 4052 8.
1513 4011 1557 4051 D
1593 4014 1632 4053 1.
1668 4013 1709 4064 8,
1755 4017 1793 4053 et
1841 4012 1966 4061 infra
1995 4011 2037 4050 A
2068 4012 2110 4051 1.
2146 4011 2170 4050 8
2221 4008 2303 4061 (Me
2333 4007 2460 4048 aiam

226 4067 572 4121 Albsoindam);
603 4068 856 4121 Alsupdam
885 4068 927 4109 A
961 4069 1009 4118 83
1040 4067 1314 4110 Alsuindam
1344 4068 1386 4109 A
1419 4071 1459 4114 8.
1490 4070 1533 4112 ὅ.
1566 4071 1605 4111 E
1626 4072 1674 4121 13
1704 4069 1997 4112 Albisindam
2026 4070 2064 4109 F
2085 4071 2126 4111 1.
2160 4067 2202 4108 G
2220 4070 2242 4107 1
2263 4087 2314 4098 —
2334 4067 2376 4108 4.
2396 4064 2459 4108 ’6.

223 4126 511 4227 &quoidam
543 4128 579 4167 F
598 4126 958 4228 83GAlbsindam
992 4126 1032 4168 G
1063 4128 1148 4178 bb3
1195 4128 1469 4170 Albsindam
1518 4128 1652 4181 G⁶c;
1698 4130 1948 4171 Alfundam
1979 4129 2022 4169 Η
2042 4130 2092 4177 ²3
2144 4125 2460 4177 Lapsuindam

330 4217 339 4229 .
374 4207 427 4217 —
460 4196 628 4227 nomen
763 4214 773 4225 .

231 4280 286 4351 1)
339 4282 469 4335 Vide
508 4299 573 4335 ex
599 4283 785 4349 priore
809 4280 975 4335 Pauli
1011 4282 1142 4335 libro
1169 4281 1487 4349 descriptum
1523 4278 1679 4335 Arch.
1705 4282 1774 4346 Χ,
1806 4299 1863 4349 p.
1892 4282 1994 4332 331
2024 4297 2102 4346 sq.
2213 4279 2271 4346 2)
2309 4279 2461 4331 Haec

227 4371 289 4406 ex
318 4353 463 4423 Oriq.
596 4356 654 4423 3)
681 4356 827 4408 Huic
846 4354 1084 4409 Nicetius
1115 4354 1440 4408 lli-eviremis
1459 4355 1731 4421 epistolam
1750 4353 1972 4421 scripsit,
2004 4351 2200 4405 edicam
2219 4353 2463 4419 Bouquet

225 4425 331 4494 IV,
360 4446 423 4498 p.
453 4430 540 4483 76.
693 4427 753 4497 4)
792 4429 944 4484 Haec
981 4445 1046 4482 ex
1092 4426 1236 4496 Oriy.
