3042 4909
412 3939 432 3961 ‘
476 3943 591 3986 .m.

615 419 683 467 26
1071 419 1292 470 PAULI
1329 419 1675 471 HISTORIA
1715 419 2389 472 LANGOBARDORUM.

630 586 731 666 VI,
772 586 831 651 3.
870 585 964 649 10.
1002 585 1098 649 16.
1139 585 1404 651 18-27.
1446 586 1548 650 30.
1591 587 1693 650 33.
1734 584 1835 652 35.
1879 587 1981 651 38.
2024 586 2128 651 44.
2166 587 2269 650 45.
2311 586 2582 651 50-52.
2622 586 2707 651 55
2750 588 2855 652 his

611 668 839 735 diebus
885 709 961 718 —
1005 670 1261 735 nomine
1303 669 1479 752 fuit).
1566 670 1830 736 Desinit
1869 672 1947 735 in
1989 670 2197 736 verbis
2241 691 2407 756 quae
2449 671 2534 735 ad
2572 672 2850 757 perticas

612 753 765 836 (VI,
795 753 935 834 55),
981 754 1204 819 ultimo
1235 756 1688 855 quaternionis
1710 754 1889 839 folio
1923 757 2162 820 amisso
2172 776 2196 835 ,·
2244 777 2411 840 quae
2444 754 2586 820 alia
2616 778 2665 820 s.
2696 756 2848 819 ΧΠ.

594 859 847 901 ,manus
891 860 968 902 su
1008 836 1192 922 plere
1233 840 1480 923 incepit
1520 838 1633 903 sed
1675 860 1808 903 non
1836 836 2085 920 finivit.
2148 838 2257 901 Ita
2299 838 2690 920 Bethmann,
2738 840 2855 926 qui

610 922 889 987 codicem
996 944 1175 987 omae
1218 923 1464 987 evolvit.

779 1005 917 1091 (14)
985 1006 1048 1069 A
1097 1007 1157 1069 4.
1266 1007 1855 1071 Bononiensis
1927 1004 1999 1069 S.
2066 1004 2438 1070 Salvatoris
2507 1005 2633 1069 Nr.
2700 1004 2844 1085 276,

608 1092 864 1155 membr.
907 1089 969 1152 4.
1014 1112 1064 1154 s.
1108 1090 1237 1172 XI,
1289 1093 1508 1175 primo
1569 1091 1996 1175 quaternione
2052 1098 2419 1171 truncatae,
2477 1091 2619 1154 inci
2668 1090 2719 1153 it
2772 1091 2848 1153 in

609 1174 819 1239 medio
858 1176 1166 1273 ‘carmine
1210 1175 1264 1255 I,
1309 1173 1425 1239 26.-
1479 1173 1703 1275 ·Pestis
1759 1173 1996 1273 iniqua.
2094 1172 2248 1238 Post
2298 1174 2558 1238 tertium
2634 1172 2850 1272 ibrum

592 1258 1486 1488 JZ‘ZJZZZffiZffiuZfflJ
1494 1258 2149 1426 ῗλᾷἆθῖῗὲἵὲἴᾍ
2204 1256 2527 1426 ᾗῖἕὶῗὲἴ
2557 1278 2851 1426 Ξῖῗῖεζῖἕ

612 1435 786 1490 osten
838 1427 904 1487 it.

780 1506 919 1594 (15)
965 1508 1029 1571 Α
1064 1507 1145 1571 5..
1255 1508 1703 1574 Vaticanus
1787 1507 2391 1573 Ottobonianus
2465 1508 2588 1571 Nr.
2666 1505 2849 1587 1702,

613 1592 819 1657 chart.
864 1612 914 1654 s.
944 1591 1124 1673 XIV,
1168 1593 1319 1656 olim
1362 1591 1938 1677 Altaempsianus,
1996 1592 2111 1655 ubi
2146 1591 2348 1655 Pauli
2390 1591 2692 1655 Historia
2720 1590 2851 1654 Ro-

610 1698 814 1739 mana
857 1684 915 1739 et
951 1676 1546 1762 Lanyobardorum
1588 1684 1742 1740 sunt
1784 1677 2189 1740 con‘unctae.
2278 1676 2457 1740 Haec
2500 1675 2743 1739 desinit
2785 1672 2851 1754 V,

611 1760 714 1823 40.
746 1761 820 1823 in
869 1759 1108 1824 verbis:
1150 1781 1370 1845 regem
1411 1780 1570 1840 esse,
1616 1757 1862 1823 ultimis
1917 1759 2049 1823 ibri
2070 1759 2271 1844 foliis
2313 1761 2543 1824 vacuis
2585 1757 2849 1822 relictis.

716 1885 721 1892 «
783 1840 921 1930 (16)
965 1843 1160 1907 Aba.
1263 1843 1900 1908 Vindobonensis
1944 1843 2223 1908 Archivi
2275 1844 2505 1929 imper.
2557 1841 2681 1905 Nr.
2728 1841 2847 1906 771

612 1927 1024 2010 (Universal.
1054 1925 1150 2010 5),
1192 1928 1399 1991 chart.
1430 1949 1481 1991 s.
1508 1927 1651 2007 XV,
1696 1948 1843 1992 cum
1860 1928 2289 2012 praecedenti
2307 1930 2406 1992 ita
2435 1927 2749 2004 convenit,
2781 1933 2853 1988 ut

611 2013 754 2097 ejus
777 2034 820 2074 a
873 2013 1241 2097 oqraphum
1262 2011 1586 2075 videatur.
1630 2010 1834 2085 Quae
1862 2013 1957 2076 ibi
1986 2011 2239 2091 desunt,
2268 2032 2508 2075 manus
2536 2010 2853 2075 recentior

611 2096 1330 2244 {upgqevijtlseoeWcotdch
1364 2095 1649 2241 qiiodam
1694 2095 1926 2160 classis
1977 2094 2034 2161 C
2066 2095 2164 2159 vel
2204 2095 2294 2157 D.
2381 2094 2580 2158 Hunc
2624 2092 2854 2157 evolvit

676 2224 692 2240 .
820 2226 834 2241 .
967 2224 983 2241 .
1119 2203 1161 2243 a
1246 2202 1291 2242 n
1336 2202 1412 2243 ac
1451 2226 1478 2246 -.

780 2260 918 2351 (17)
979 2262 1181 2327 Aob.
1283 2262 1958 2328 Vindobonensis
2019 2262 2146 2325 Nr.
2216 2261 2339 2324 104
2401 2260 2610 2344 (Hist.
2662 2256 2849 2345 prof.

611 2345 791 2427 516),
839 2369 899 2410 a.
939 2346 1116 2412 1464.
1188 2346 1423 2413 Jacobi
1464 2346 1810 2412 Parleonis
1851 2345 2296 2409 Ariminensis
2354 2346 2511 2408 'uris
2550 2344 2850 2431 doctoris,

611 2439 747 2492 tum
792 2428 1122 2505 Sambuci,
1183 2434 1466 2516 scriptus
1524 2436 1747 2495 ‘manu
1801 2432 1926 2495 mei
1968 2429 2243 2516 Georqii
2336 2427 2475 2492 telle
2561 2427 2852 2491 nondam

611 2512 852 2577 Facini
895 2516 1057 2579 civis
1096 2514 1359 2595 Janue’,
1403 2515 1659 2579 membr.
1704 2538 1756 2579 s.
1796 2514 1935 2582 XV.
2020 2514 2323 2578 Proxime
2368 2512 2459 2575 ad
2591 2510 2635 2576 5
2679 2532 2853 2574 acce-

616 2596 745 2677 dit,
847 2620 1080 2661 uocum
1139 2600 1333 2661 etiam
1391 2599 1760 2663 Historiam
1814 2599 2187 2662 Romanam
2232 2597 2439 2661 addit.
2511 2593 2852 2659 Peculiare

612 2688 720 2759 est,
842 2726 857 2743 .
902 2680 1383 2746 Wattenbachio
1424 2691 1733 2763 monente,
1779 2682 1956 2766 quod
1981 2681 2234 2746 indices
2250 2689 2407 2765 post
2446 2679 2687 2744 librum
2715 2699 2851 2743 seoe·

612 2773 747 2826 tum
791 2762 1033 2827 collecti
1073 2765 1411 2828 habentur.

783 2845 922 2931 (18)
967 2845 1117 2911 Α6.
1193 2848 1699 2930 Parmensis,
1742 2849 1845 2911 De
1889 2848 2086 2912 Rossi
2128 2848 2220 2929 ΙΙ,
2266 2847 2375 2928 IV,
2420 2846 2561 2926 126,
2595 2845 2849 2910 membr.

612 2953 663 2992 s.
691 2930 843 2993 XII.
886 2952 984 2995 ex.
1025 2930 1086 3011 8,
1127 2954 1332 2995 manu
1384 2934 1700 2996 continua
1742 2932 2099 2997 Beneventi
2140 2934 2426 3016 scriptus
2467 2930 2565 2994 vel
2606 2953 2686 2994 ex
2727 2929 2851 2993 Be-

613 3023 970 3078 neventano
1023 3024 1345 3100 eaeceptus.
1429 3015 1585 3080 Post
1643 3014 1926 3080 Paulum
1980 3018 2325 3101 leyuntur:
2406 3012 2513 3078 Ab
2572 3012 2853 3077 adventu

610 3096 1179 3182 Longobardorum
1223 3119 1300 3162 us
1346 3120 1425 3163 ue
1469 3098 1555 3162 ad
1596 3121 1834 3163 annum
1877 3099 2093 3163 domni
2126 3097 2481 3164 Grimoaldi
2523 3106 2674 3161 sunt
2699 3098 2852 3160 anni

614 3202 838 3261 ccxn1,·
898 3183 1206 3266 epistolae
1248 3121 1489 3247 [findi
1530 3193 1590 3249 et
1632 3183 1909 3250 Alcuini
1947 3183 2228 3266 fictitiae
2281 3189 2396 3267 (em
2453 3184 2570 3247 Izoc
2630 3183 2851 3246 codice

611 3267 788 3350 typis
846 3266 1043 3331 datae
1107 3266 1193 3330 N.
1251 3266 1450 3331 Arcb.
1495 3267 1565 3349 I,
1683 3315 1697 3331 .
1760 3267 1947 3348 169),
2013 3266 2429 3332 Constantini
2490 3276 2549 3331 et
2610 3265 2851 3331 Karoli

614 3348 944 3433 epistolae.
1030 3349 1237 3415 Foliis
1283 3350 1535 3437 aliquot
1576 3291 1955 3436 daeo-ditis,
1999 3351 2200 3415 Pauli
2239 3373 2404 3437 opus
2443 3351 2707 3414 lacunis
2747 3349 2845 3413 la-

609 3433 797 3497 borat
840 3439 926 3517 (e.
965 3456 1067 3519 qr.
1099 3434 1152 3513 I,
1185 3435 1449 3517 6—15).
1536 3436 1883 3500 Librorum
1938 3435 2003 3499 V.
2048 3444 2106 3499 et
2150 3434 2251 3499 VI.
2301 3435 2596 3499 ordinem
2637 3436 2773 3497 scri
2824 3471 2848 3482 -

611 3525 713 3580 tor
754 3517 1174 3602 mutavit(V‚
1223 3518 1321 3581 11.
1378 3519 1480 3600 VI,
1523 3520 1584 3583 5.
1644 3519 1713 3599 V,
1758 3519 1860 3583 30.
1926 3519 1993 3598 V,
2042 3519 2140 3583 12.
2188 3520 2285 3582 14.
2335 3519 2432 3582 15.
2480 3514 2578 3581 13.
2620 3517 2720 3598 VI,
2749 3457 2846 3599 ξ),

655 3602 936 3667 uaedam
979 3604 1193 3666 omisit
1235 3602 1343 3685 (V,
1389 3602 1695 3683 33-41)‚
1759 3603 1901 3667 alia
1941 3602 2018 3668 de
2063 3624 2181 3667 suo
2227 3603 2517 3683 addidit,
2574 3623 2654 3664 ea:
2708 3602 2851 3666 Vita

611 3623 900 3750 {arbati
927 3684 1318 3771 plerumque
1361 3696 1578 3751 sumta
1610 3687 1727 3769 (V,
1757 3687 1816 3751 2.
1851 3687 1928 3768 7,·
1989 3686 2091 3768 VI,
2118 3686 2162 3749 4
2197 3710 2277 3752 ew
2306 3686 2551 3766 Beda),
2597 3708 2848 3751 necnon

611 3788 851 3914 {²9qu
915 3771 1205 3917 cap'thuZn
1232 3770 1583 3917 spadici&
1610 3771 1776 3916 ltilbro
1824 3769 1890 3835 V.
1920 3772 2293 3918 pgagntiisit.
2385 3769 2642 3836 Codicis
2686 3770 2850 3834 noti-

634 3873 770 3915 tam
853 3873 996 3913 .m.
1088 3874 1187 3915 o.
1307 3875 1454 3918 ere
1586 3876 1615 3916 e
1684 3877 1927 3918 manno
2020 3878 2169 3918 ez.

781 3934 1063 3998 *Eodem
1119 3945 1413 4000 monente
1462 3936 1723 4000 Ystoria
1777 3936 1914 4000 Lan
1963 3935 2373 4018 obardorum,
2433 3961 2476 4002 a
2536 3936 2592 4001 b.
2636 3961 2718 4001 m.
2767 3934 2851 4004 G.

613 4018 699 4081 H.
729 4018 913 4082 Pertz
957 4017 1289 4104 descripta
1331 4042 1410 4082 ex
1447 4021 1823 4085 Annalibus
1947 4022 2269 4085 acentinis
2316 4019 2663 4085 G-ibellinis
2708 4021 2846 4086 cod.

610 4102 1050 4200 Londinensis
1084 4101 1338 4166 Harlei.
1369 4103 1495 4167 Nr.
1528 4103 1693 4203 3678
1737 4110 1828 4188 (υ.
1861 4102 1985 4169 SS.
2015 4104 2268 4186 XVIII,
2293 4129 2377 4252 ἴ.
2407 4105 2532 4169 409
2533 4108 2602 4185 ).·
2644 4104 2851 4189 Igitur

610 4186 1994 4416 {2213‘220353335‘33a{xzssfflffssissffl
2015 4188 2213 4337 ‘Qui‘
2234 4187 2847 4337 &affati-tp&

608 4374 785 4438 scrip
817 4377 943 4418 um.
