3042 4909
711 424 934 477 PAULI
972 424 1323 478 HISTORIA
1360 425 2027 480 LANGOBARDORUM.
2416 429 2486 480 89

251 594 429 660 modi
470 592 633 658 libro
677 615 837 659 usus
881 602 991 660 est.
1070 591 1284 660 Codeoe
1308 593 1752 680 fundamento
1784 595 2048 679 positus
2097 594 2156 659 G
2183 595 2225 659 2
2254 595 2486 662 similis

232 677 422 765 fnit;
461 676 731 763 formae
774 680 1111 744 nominum
1169 676 1546 745 Samonicae
1603 678 1706 743 hic
1765 699 2046 763 quoqne,
2103 681 2296 745 immo
2341 702 2486 746 con-

252 763 536 827 stantius
609 783 807 847 quam
890 761 1028 827 illic
1100 770 1478 847 ponuntnr;
1561 760 1646 847 cf.
1705 759 1902 827 Arck.
1976 761 2124 845 VII,
2188 786 2261 848 p.
2321 762 2446 830 293
2460 787 2486 846 ,·

251 846 338 912 Ν.
381 844 582 911 Arch.
628 845 682 928 1,
716 868 791 931 p.
835 844 979 911 557.

426 927 606 1016 *(74)
655 927 804 994 Gb.
893 929 1368 1016 Haaqensis
1425 929 1551 994 Nr.
1604 928 1749 1011 907,
1801 930 2055 995 membr.
2111 950 2161 994 s.
2206 930 2319 995 IX.
2363 943 2582 1012 eae.,·1>.
2617 945 2689 988 ⁸0.

253 1038 392 1079 una
437 1036 641 1079 manu
684 1014 848 1078 satis
889 1036 969 1079 ne
1015 1013 1292 1100 liqenter
1334 1021 1668 1079 exaratus.
1741 1012 1997 1079 Desunt
2039 1013 2129 1095 II,
2159 1013 2484 1098 23-ΠΙ,

251 1096 353 1162 30.
397 1097 582 1162 34-
608 1096 668 1180 V,
711 1096 772 1161 4.
833 1097 935 1179 VI,
971 1037 1039 1162 ’3.
1082 1119 1160 1162 us
1204 1117 1284 1162 ne
1329 1096 1421 1162 ad
1508 1120 1670 1163 nem.
1742 1096 1797 1178 I,
1832 1097 1936 1162 25.
1976 1097 2371 1186 (patricium)
2402 1136 2479 1147 —

250 1182 343 1262 ΙΙ,
386 1179 447 1247 5.
492 1182 604 1265 (ex
689 1181 882 1247 itatus
923 1182 1021 1268 in)
1052 1202 1128 1246 or
1172 1204 1280 1247 ine
1322 1190 1434 1246 tur
1475 1189 1582 1247 ato
1608 1189 1761 1272 post
1789 1180 1879 1262 ΙΙ,
1918 1180 2019 1247 23.
2049 1181 2484 1265 collocantur,-

267 1266 331 1349 V,
374 1265 565 1330 40-
684 1313 704 1347 ,
747 1265 807 1331 3.
841 1274 997 1351 post
1055 1265 1120 1347 V,
1164 1265 1393 1330 4-40.

419 1358 559 1506 (715))
595 1356 652 1423 G
673 1356 763 1422 5⁸.
838 1358 1243 1425 Vaticana
1265 1379 1296 1422 s
1324 1359 1675 1444 reqinae
1711 1354 2188 1423 Christinae
2209 1357 2335 1422 Nr.
2358 1356 2482 1423 578

254 1442 442 1527 (olim
539 1465 594 1506 r.
631 1440 847 1525 1220),
880 1463 932 1506 s.
976 1441 1125 1506 XII.
1158 1439 1340 1507 ‘liber
1368 1440 1606 1507 Sancti
1631 1440 1834 1505 Pauli
1874 1441 1947 1505 in
1982 1442 2273 1527 Trajecto
2314 1440 2481 1528 infe-

248 1528 455 1607 riori',
498 1548 641 1591 una
667 1548 875 1591 manu
905 1526 1109 1592 nitide
1138 1534 1474 1607 exaratus,
1519 1525 1619 1590 nil
1663 1526 1800 1591 nisi
1829 1524 2197 1591 Historiam
2225 1525 2482 1613 Lanqo-

248 1610 604 1676 bardorum
648 1612 1001 1676 continens.

416 1710 552 1803 (76)
603 1710 662 1776 G
688 1711 829 1777 5⁰.
935 1709 1358 1777 Gothanus
1416 1709 1542 1775 Nr.
1608 1708 1726 1775 139
1830 1708 2014 1775 ‘liber
2084 1710 2483 1777 Waldemari

243 1798 423 1883 reyis
451 1796 842 1879 Danorum',
879 1794 1137 1861 membr.
1169 1818 1219 1861 s.
1243 1794 1393 1860 XII.
1418 1816 1517 1860 ecc.
1550 1793 1608 1857 8.
1641 1757 1761 1879 (cf.
1791 1793 2050 1877 Jacobs,
2080 1795 2395 1881 Beitrdye
2427 1795 2481 1877 I,

233 1904 309 1967 p.
341 1879 523 1962 253),
570 1879 730 1945 adeo
762 1902 908 1945 cum
942 1879 1369 1964 praecedenti
1398 1881 1711 1960 convenit,
1757 1878 2168 1943 Bethmanno
2197 1888 2367 1959 teste,
2413 1887 2485 1942 ut

247 1965 411 2030 alter
453 1985 534 2030 ex
579 1963 779 2030 altero
805 1964 1092 2050 flumisse
1142 1962 1500 2029 censendus
1545 1965 1647 2028 sit.

416 2066 555 2154 (77)
604 2064 794 2131 be.
884 2066 1334 2132 Vaticanus
1377 2064 1504 2128 Nr.
1540 2063 1722 2146 1981,
1770 2063 1920 2129 olim
1949 2062 2021 2129 S.
2067 2063 2345 2129 Viventii
2408 2066 2483 2130 in

244 2150 525 2216 dioecesi
582 2150 1171 2237 Auqnstodunensi
1214 2198 1234 2231 ,
1285 2157 1521 2235 postea
1580 2147 1651 2214 S.
1708 2145 1985 2234 Joffridi
2034 2146 2153 2232 (1²).
2260 2146 2317 2214 C
2394 2147 2486 2213 ici

247 2235 619 2322 cataloqum
672 2234 989 2300 librorum
1047 2232 1118 2299 S.
1220 2235 1449 2299 iventii
1491 2242 1550 2296 et
1589 2231 1792 2296 Pauli
1844 2232 2186 2300 historiam
2239 2232 2479 2296 Roma-

245 2342 405 2384 nam
464 2319 819 2384 continenti
860 2326 1095 2405 postea
1138 2326 1420 2403 quatuor
1472 2339 1523 2380 s.
1568 2316 1683 2380 XI.
1729 2316 2189 2399 quaterniones
2234 2317 2484 2396 annea-i

243 2411 427 2485 sunt,
489 2405 605 2487 qui
662 2402 1030 2467 Historiam
1076 2400 1394 2487 praebent
1449 2397 2037 2486 Lanqobardorum
2079 2436 2165 2448 -
2216 2398 2265 2463 I
2268 2395 2332 2481 V,
2378 2396 2479 2464 37.

243 2484 906 2635 5..131.1.l43.1p1.„.>,
935 2486 1194 2633 'terr
1222 2483 1379 2634 ΞΜ
1396 2493 1599 2632 12035
1623 2482 2240 2631 {333320517130252
2291 2483 2480 2629 rw

271 2594 358 2636 an
389 2594 576 2741 {3285
601 2592 689 2718 ἕο
746 2592 984 2719 οταθῗν
995 2592 1213 2718 ezvzbb’e
1225 2591 1565 2718 nessianr.
1589 2614 1797 2733 ’1142,
1854 2612 2004 2716 olim
2031 2612 2133 2717 ⁹8..
2164 2610 2480 2732 filatlliae,

242 2739 495 2805 membr.
542 2761 592 2802 s.
623 2738 700 2802 X.
792 2737 1036 2820 Codici,
1123 2738 1197 2802 ui
1237 2736 1438 2802 solam
1486 2736 1852 2803 Historiam
1890 2733 2482 2822 Lanqobardorum

245 2823 553 2905 continet,
585 2822 1003 2909 postmodum
1099 2823 1198 2886 ita
1238 2820 1309 2887 S.
1354 2819 1661 2888 Annonis
1706 2828 1935 2885 assuta
1977 2828 2088 2884 est.
2190 2819 2484 2884 Varietas

241 2907 537 2973 lectionis
583 2929 625 2970 a
670 2907 725 2971 b.
756 2928 837 2970 m.
894 2904 1373 2994 Wyttenbachio
1416 2907 1581 2970 satis
1620 2902 1967 2990 diliqenter
2007 2902 2333 2988 descripta
2373 2911 2480 2968 est.

416 3005 555 3098 (79)
604 3005 664 3071 G
693 3005 752 3071 6.
845 3006 1581 3074 C'lzeltenhamensis
1636 3006 1763 3071 Nr.
1799 3003 1992 3088 1886,
2053 3003 2205 3070 olim
2246 3004 2315 3072 S.
2358 3004 2482 3070 Re-

242 3093 437 3180 miqii
466 3093 823 3174 Remensis,
853 3114 904 3157 s.
929 3091 1134 3157 XVII.
1154 3096 1253 3156 ‘ecc
1282 3090 1661 3156 bibliotheca
1682 3090 1962 3157 Antonii
1983 3086 2313 3175 Auqervei
2337 3087 2478 3172 (ΞΥ,

236 3186 473 3277 postea
528 3174 801 3277 ‘Colle-qai
858 3173 1350 3277 Claromontani
1400 3174 1806 3240 Parisiensis
1855 3173 2002 3275 Nr.·
2015 3173 2159 3255 681,
2202 3173 2481 3258 indeque

244 3259 1300 3446 mereamim
1388 3256 2483 3415 N>⁶²20²2

245 3427 987 3578 Ξξὲιῆῗίοαιέἓῐῖῗὲἓίαω
1029 3449 1181 3510 esse,
1223 3425 1529 3514 singulae
1562 3425 1854 3512 probant
1893 3424 2191 3491 lectiones
2237 3447 2280 3488 a
2310 3423 2365 3488 b.
2397 3446 2480 3488 m.

416 3612 555 3763 90)
593 3612 737 3679 G7.
817 3611 1759 3714 Romanus-Chiqianns
1806 3608 1884 3674 G.
1934 3608 2037 3710 VI,
2090 3606 2229 3690 156,
2274 3608 2479 3708 chart.

244 3720 295 3762 s.
339 3698 409 3762 X
464 3745 480 3780 ,
513 3721 711 3847 Zuem
752 3697 1123 3764 Betbmann
1178 3697 1427 3783 aliquot
1480 3695 1639 3761 locis
1681 3703 1972 3781 inspexit
2013 3702 2070 3758 et
2115 3693 2239 3758 huc
2272 3700 2480 3778 perti·

243 3804 392 3848 nere
450 3783 511 3848 ἰι
559 3782 779 3847 icavit.

478 3888 873 3952 uaecumque
955 3866 1290 3931 Historiae
1361 3864 1511 3930 Lan
1563 3862 1956 3929 obardorum
2041 3862 2480 3927 recensuimus

246 3950 537 4016 codicum
596 3949 831 4016 classes
892 3950 983 4015 ad
1038 3949 1366 4016 saeculum
1432 3971 1462 4012 s
1535 3958 1654 4014 tem
1709 3947 2025 4012 decimum
2084 3945 2444 4011 ascendunt
2453 3966 2479 4026 ,·

242 4043 417 4117 tunc,
454 4043 513 4100 et
535 4033 835 4119 fortasse
863 4034 1122 4100 saeculo
1139 4036 1288 4119 jam
1319 4032 1738 4115 antecedenti,
1769 4041 1901 4095 tam
1932 4030 2228 4096 diversas
2258 4028 2483 4094 induit

235 4117 495 4201 formas
549 4117 711 4182 liber
768 4119 872 4184 hic
927 4119 1305 4205 saepissime
1363 4119 1727 4203 descriptus
1788 4124 1845 4180 et
1885 4115 2221 4180 lectitatus.
2307 4110 2483 4177 Sunt

244 4223 391 4268 vero
434 4200 611 4284 libri,
643 4203 1035 4288 posterioris
1072 4203 1461 4290 praesertim
1486 4203 1814 4287 temporis,
1858 4198 2028 4263 nulli
2055 4218 2283 4262 earum
2312 4204 2479 4262 certo

243 4289 481 4354 certius
527 4286 921 4368 ascribendi,
957 4288 1201 4374 quippe
1246 4286 1363 4371 qui
1394 4294 1509 4350 ant
1539 4308 1617 4349 eae
1648 4283 1959 4369 pluribus
2003 4280 2278 4366 confecti
2305 4279 2479 4346 vide-

250 4379 452 4436 antur
479 4368 960 4457 eoeemplaribus
991 4380 1108 4435 aut
1136 4371 1328 4435 etiam
1357 4370 1571 4455 maqis
1609 4368 1942 4433 temerarie
1972 4363 2174 4430 Pauli
2202 4365 2478 4431 historia
